
</collection>
<collection xmlns="http://www.loc.gov/MARC21/slim">
<record>
  <controlfield tag="001">423809</controlfield>
  <controlfield tag="003">GeCERN</controlfield>
  <controlfield tag="005">20221102231632.0</controlfield>
  <datafield tag="024" ind1="8" ind2=" ">
    <subfield code="a">oai:cds.cern.ch:423809</subfield>
    <subfield code="p">cerncds:TALK</subfield>
    <subfield code="p">cerncds:MEMORIAV</subfield>
  </datafield>
  <datafield tag="041" ind1=" " ind2=" ">
    <subfield code="a">eng</subfield>
  </datafield>
  <datafield tag="041" ind1=" " ind2=" ">
    <subfield code="9">review</subfield>
    <subfield code="a">eng</subfield>
  </datafield>
  <datafield tag="088" ind1=" " ind2=" ">
    <subfield code="9">CERN-VIDEO-C-351</subfield>
  </datafield>
  <datafield tag="100" ind1=" " ind2=" ">
    <subfield code="a">Fidecaro, F</subfield>
  </datafield>
  <datafield tag="245" ind1=" " ind2=" ">
    <subfield code="a">Wide band detectors for gravitational waves</subfield>
  </datafield>
  <datafield tag="260" ind1=" " ind2=" ">
    <subfield code="a">Geneva</subfield>
    <subfield code="b">CERN</subfield>
    <subfield code="c">1997</subfield>
  </datafield>
  <datafield tag="260" ind1=" " ind2=" ">
    <subfield code="9">review</subfield>
    <subfield code="c">1997</subfield>
  </datafield>
  <datafield tag="269" ind1=" " ind2=" ">
    <subfield code="c">1997-11-27</subfield>
  </datafield>
  <datafield tag="300" ind1=" " ind2=" ">
    <subfield code="a">1 VHS video ; 71:00</subfield>
    <subfield code="b">720x576 4/3, 25</subfield>
  </datafield>
  <datafield tag="300" ind1=" " ind2=" ">
    <subfield code="2">CERN-VIDEO-C-351</subfield>
  </datafield>
  <datafield tag="337" ind1=" " ind2=" ">
    <subfield code="a">Video</subfield>
  </datafield>
  <datafield tag="340" ind1=" " ind2=" ">
    <subfield code="9">FIDECARO</subfield>
    <subfield code="a">Betacam</subfield>
    <subfield code="j">Master</subfield>
    <subfield code="k">19971127</subfield>
  </datafield>
  <datafield tag="490" ind1=" " ind2=" ">
    <subfield code="a">Science and Society</subfield>
  </datafield>
  <datafield tag="500" ind1=" " ind2=" ">
    <subfield code="a">VHS not held by the CERN library</subfield>
  </datafield>
  <datafield tag="500" ind1=" " ind2=" ">
    <subfield code="a">The video was digitized from its original recording as part of the CERN Digital Memory project</subfield>
  </datafield>
  <datafield tag="511" ind1="1" ind2=" ">
    <subfield code="9">review</subfield>
    <subfield code="a">Francesco Fidecaro</subfield>
  </datafield>
  <datafield tag="514" ind1=" " ind2=" ">
    <subfield code="a">Audio present but not on all channels -  High frequency interference pattern -  Low RF, noisy picture -  Video tracking issue -  </subfield>
  </datafield>
  <datafield tag="518" ind1=" " ind2=" ">
    <subfield code="a">CERN, Geneva, 27 nov 1997</subfield>
  </datafield>
  <datafield tag="520" ind1=" " ind2=" ">
    <subfield code="a">Gravitational wave interferometric detectors operating between 10 Hz and 10 kHz are currently being built. According to current astrophysical knowledge their sensitivity - of the order of 10-23 m/Hz at 100 Hz - should allow to detect a few events per year. The expected signals include binary neutron star inspiralling and coalescence, and stellar collapse. Less predictable sources are fast rotating neutron stars (pulsars). Stochastic background of cosmological and astrophysical will also be searched for. Operation principles and main sources of noise are described. Main ideas in the critical field of data analysis are illustrated. Finally an outline of the perspectives of the study of gravitational waves is give</subfield>
  </datafield>
  <datafield tag="520" ind1=" " ind2=" ">
    <subfield code="9">review</subfield>
    <subfield code="a">A lecture on gravitational wave interferometric detectors and the perspectives of the study of gravitational waves.</subfield>
  </datafield>
  <datafield tag="542" ind1=" " ind2=" ">
    <subfield code="d">CERN</subfield>
    <subfield code="g">1997</subfield>
  </datafield>
  <datafield tag="542" ind1="1" ind2=" ">
    <subfield code="g">1997</subfield>
    <subfield code="9">review</subfield>
    <subfield code="d">CERN</subfield>
  </datafield>
  <datafield tag="583" ind1="1" ind2=" ">
    <subfield code="i">CREATE-MARC-run20180622_170916</subfield>
    <subfield code="a">digitized</subfield>
    <subfield code="2">pda</subfield>
    <subfield code="f">CERN Digital Memory Project</subfield>
    <subfield code="k">PICTURAE</subfield>
    <subfield code="u">https://cds.cern.ch/record/2257246</subfield>
    <subfield code="5">SzGeCERN</subfield>
    <subfield code="6">WEEK16-public</subfield>
    <subfield code="b">S1V1: SDI Signal - Digital Betacam, Betacam SP, Betacam, Betacam SX, DVCAM, DVCPRO, DV/Mini DV</subfield>
    <subfield code="3"> Betacam </subfield>
    <subfield code="f">public</subfield>
    <subfield code="z">
 - VISUAL INSPECTION TABLE of Betacam () true  - 
 - RTI VT 4100 of Betacam () true  - 
 - MAC-V014 of Betacam () false Low RF, noisy picture | Video tracking issue | High frequency interference pattern | Audio present but not on all channels - 
 - OVEN of Betacam () true  - 
 - RTI VT 4100 of Betacam () true  - 
 - MAC-V014 of Betacam () false High frequency interference pattern | Video tracking issue - 
 - OVEN of Betacam () true  - 
 - RTI VT 4100 of Betacam () true  - 
 - MAC-V016 of Betacam () true Audio present but not on all channels - 
 - MANUAL QC GEN of Betacam () true  - 
 - FILE_PRESENCE of Betacam () true  - 
      </subfield>
    <subfield code="x">
 - VISUAL INSPECTION TABLE timing: from 09/02/2018 12:54 to 09/02/2018 12:54 -
 - RTI VT 4100 timing: from 09/02/2018 12:55 to 09/02/2018 13:35 -
 - MAC-V014 timing: from 19/02/2018 09:55 to 19/02/2018 10:17 -
 - OVEN timing: from 20/02/2018 11:53 to 22/02/2018 09:52 -
 - RTI VT 4100 timing: from 22/02/2018 09:52 to 22/02/2018 10:37 -
 - MAC-V014 timing: from 23/02/2018 08:43 to 23/02/2018 09:36 -
 - OVEN timing: from 26/02/2018 14:24 to 27/02/2018 07:46 -
 - RTI VT 4100 timing: from 27/02/2018 10:00 to 27/02/2018 10:19 -
 - MAC-V016 timing: from 27/02/2018 10:53 to 27/02/2018 12:10 -
 - MANUAL QC GEN timing: from 27/02/2018 22:18 to 27/02/2018 22:18 -
 - FILE_PRESENCE timing: from 27/02/2018 22:18 to 27/02/2018 22:18 -
       </subfield>
    <subfield code="c">20180227</subfield>
  </datafield>
  <datafield tag="590" ind1=" " ind2=" ">
    <subfield code="9">review</subfield>
    <subfield code="a">Une conf\xc3\xa9rence sur les d\xc3\xa9tecteurs interf\xc3\xa9rom\xc3\xa9triques \xc3\xa0 ondes gravitationnelles et les perspectives de l\'\xc3\xa9tude des ondes gravitationnelles.</subfield>
  </datafield>
  <datafield tag="594" ind1=" " ind2=" ">
    <subfield code="9">review</subfield>
    <subfield code="a">Conference Speech</subfield>
  </datafield>
  <datafield tag="595" ind1=" " ind2=" ">
    <subfield code="a">SIS AUDIO2000</subfield>
  </datafield>
  <datafield tag="595" ind1=" " ind2=" ">
    <subfield code="a">VIDEO-MF</subfield>
  </datafield>
  <datafield tag="650" ind1="1" ind2="7">
    <subfield code="2">SzGeCERN</subfield>
    <subfield code="a">Detectors and Experimental Techniques</subfield>
  </datafield>
  <datafield tag="650" ind1="2" ind2="7">
    <subfield code="9">review</subfield>
    <subfield code="a">Portraits of science</subfield>
  </datafield>
  <datafield tag="653" ind1="1" ind2=" ">
    <subfield code="9">review</subfield>
    <subfield code="a">gravitational wave research</subfield>
  </datafield>
  <datafield tag="653" ind1="1" ind2=" ">
    <subfield code="9">review</subfield>
    <subfield code="a">interferometers</subfield>
  </datafield>
  <datafield tag="653" ind1="1" ind2=" ">
    <subfield code="9">review</subfield>
    <subfield code="a">wideband detectors</subfield>
  </datafield>
  <datafield tag="690" ind1="C" ind2=" ">
    <subfield code="a">CERN</subfield>
  </datafield>
  <datafield tag="690" ind1="C" ind2=" ">
    <subfield code="a">TALK</subfield>
  </datafield>
  <datafield tag="690" ind1="C" ind2=" ">
    <subfield code="a">movingimages</subfield>
  </datafield>
  <datafield tag="690" ind1="C" ind2=" ">
    <subfield code="9">review</subfield>
    <subfield code="a">reviewed</subfield>
  </datafield>
  <datafield tag="710" ind1=" " ind2=" ">
    <subfield code="5">EP</subfield>
  </datafield>
  <datafield tag="710" ind1=" " ind2=" ">
    <subfield code="a">CERN. Geneva</subfield>
  </datafield>
  <datafield tag="852" ind1=" " ind2=" ">
    <subfield code="a">60</subfield>
    <subfield code="b">Z0211</subfield>
    <subfield code="c">CM-A00000322</subfield>
  </datafield>
  <datafield tag="856" ind1="4" ind2=" ">
    <subfield code="2">EOS</subfield>
    <subfield code="q">MP4</subfield>
    <subfield code="u">https://cern.ch/digital-memory/media-archive/video/open/mp4/423809.mp4</subfield>
    <subfield code="s">714271064</subfield>
    <subfield code="y">Video-423809</subfield>
    <subfield code="z">mp4 video format (640x360)</subfield>
    <subfield code="w">(PICTURAE:MD5)ac_S1V1_423809.mp4;249126dcba4e510db38d5c17e641dadb</subfield>
  </datafield>
  <datafield tag="856" ind1="7" ind2=" ">
    <subfield code="2">EOS</subfield>
    <subfield code="q">MKV</subfield>
    <subfield code="d">/eos/media/cds/public/www/digital-memory/media-archive/video/open/mkv/423809.mkv</subfield>
    <subfield code="s">57921295932</subfield>
    <subfield code="w">(PICTURAE:MD5)pm_S1V1_423809.mkv;cbb10768dab4f767942450d3b7d5cece</subfield>
  </datafield>
  <datafield tag="856" ind1="7" ind2=" ">
    <subfield code="2">EOS</subfield>
    <subfield code="q">MOV</subfield>
    <subfield code="d">/eos/media/cds/public/www/digital-memory/media-archive/video/open/mov/423809.mov</subfield>
    <subfield code="s">17759169214</subfield>
    <subfield code="w">(PICTURAE:MD5)am_S1V1_423809.mov;fab91ae16eb1c16a361184b3c0c45fe4</subfield>
  </datafield>
  <datafield tag="916" ind1=" " ind2=" ">
    <subfield code="s">n</subfield>
    <subfield code="w">200207</subfield>
  </datafield>
  <datafield tag="960" ind1=" " ind2=" ">
    <subfield code="a">200</subfield>
  </datafield>
  <datafield tag="961" ind1=" " ind2=" ">
    <subfield code="c">20100226</subfield>
    <subfield code="h">2004</subfield>
    <subfield code="l">CER01</subfield>
    <subfield code="x">20000125</subfield>
  </datafield>
  <datafield tag="962" ind1=" " ind2=" ">
    <subfield code="b">533673</subfield>
    <subfield code="n">cern900101</subfield>
  </datafield>
  <datafield tag="963" ind1=" " ind2=" ">
    <subfield code="a">PUBLIC</subfield>
  </datafield>
  <datafield tag="963" ind1=" " ind2=" ">
    <subfield code="9">review</subfield>
    <subfield code="a">PUBLIC</subfield>
  </datafield>
  <datafield tag="970" ind1=" " ind2=" ">
    <subfield code="a">002172566CER</subfield>
  </datafield>
  <datafield tag="970" ind1=" " ind2=" ">
    <subfield code="a">000423809CER</subfield>
  </datafield>
  <datafield tag="980" ind1=" " ind2=" ">
    <subfield code="a">VIDEOARC</subfield>
  </datafield>
  <datafield tag="980" ind1=" " ind2=" ">
    <subfield code="a">Indico</subfield>
    <subfield code="b">CMTE</subfield>
  </datafield>
</record>