
</collection>
<collection xmlns="http://www.loc.gov/MARC21/slim">
<record>
  <controlfield tag="001">423249</controlfield>
  <controlfield tag="003">SzGeCERN</controlfield>
  <controlfield tag="005">20221102231714.0</controlfield>
  <datafield tag="024" ind1="8" ind2=" ">
    <subfield code="a">oai:cds.cern.ch:423249</subfield>
    <subfield code="p">cerncds:TALK</subfield>
    <subfield code="q">cerncds:MEMORIAV</subfield>
  </datafield>
  <datafield tag="041" ind1=" " ind2=" ">
    <subfield code="a">fre</subfield>
  </datafield>
  <datafield tag="088" ind1=" " ind2=" ">
    <subfield code="9">CERN-VIDEO-C-287</subfield>
  </datafield>
  <datafield tag="100" ind1=" " ind2=" ">
    <subfield code="a">Mandrillon, P</subfield>
  </datafield>
  <datafield tag="245" ind1=" " ind2=" ">
    <subfield code="a">Accelerateurs de haue energie en medecine</subfield>
  </datafield>
  <datafield tag="260" ind1=" " ind2=" ">
    <subfield code="a">Geneva</subfield>
    <subfield code="b">CERN</subfield>
    <subfield code="c">1996</subfield>
  </datafield>
  <datafield tag="269" ind1=" " ind2=" ">
    <subfield code="c">1996-11-22</subfield>
  </datafield>
  <datafield tag="300" ind1=" " ind2=" ">
    <subfield code="a">1 VHS video ; 75:00</subfield>
    <subfield code="b">720x576 4/3, 25</subfield>
  </datafield>
  <datafield tag="300" ind1=" " ind2=" ">
    <subfield code="2">CERN-VIDEO-C-287</subfield>
  </datafield>
  <datafield tag="337" ind1=" " ind2=" ">
    <subfield code="a">Video</subfield>
  </datafield>
  <datafield tag="340" ind1=" " ind2=" ">
    <subfield code="9">MANDRILLON-1</subfield>
    <subfield code="a">Betacam</subfield>
    <subfield code="j">Master</subfield>
    <subfield code="k">19961122</subfield>
  </datafield>
  <datafield tag="490" ind1=" " ind2=" ">
    <subfield code="a">Seminar for CERN Guides</subfield>
  </datafield>
  <datafield tag="500" ind1=" " ind2=" ">
    <subfield code="a">The video was digitized from its original recording as part of the CERN Digital Memory project</subfield>
  </datafield>
  <datafield tag="514" ind1=" " ind2=" ">
    <subfield code="a">Audio present but not on all channels -  </subfield>
  </datafield>
  <datafield tag="520" ind1=" " ind2=" ">
    <subfield code="a">L\'utilisation des particules lourdes en m\xc3\xa9decine (protons, ions l\xc2\x8egers, neutrons) permet d\'am\xc3\xa9liorer la qualit\xc3\xa9 de la radioth\xc3\xa9rapie en apportant des avantages physiques, par une meilleure r\xc3\xa9partitoin de la dose d\xc3\xa9livr\xc3\xa9e, et biologiques, pour certaines d\'entre elles dot\xc3\xa9es d\'un transfert d\'\xc3\xa9nergie lin\xc2\x8eique \xc2\x8elev\xc2\x8ee (TEL). Les importants d\xc3\xa9veloppements de la technologie des acc\xc3\xa9l\xc3\xa9rateurs et les remarquables niveaux de fiabilit\xc3\xa9 atteints permettent d\'envisager aujourd\'hui des acc\xc3\xa9lerateurs de haute \xc3\xa9nergie pour la th\xc3\xa9rapie. Ces futures installations hospitali\xc3\xa8res associeront un acc\xc3\xa9l\xc3\xa9rateur \xc3\xa0 des syst\xc3\xa8mes de distribution de la dose sp\xc3\xa9cifique. Divers types d\'acc\xc3\xa9l\xc3\xa9rateurs sont en projet ou en construction. Leurs particularit\xc3\xa9s sont analys\xc3\xa9es et plusieurs dessins caract\xc3\xa9ristiques des candidats potentiels seront present\xc3\xa9s dans cette conf\xc3\xa9rence.</subfield>
  </datafield>
  <datafield tag="542" ind1=" " ind2=" ">
    <subfield code="d">CERN</subfield>
    <subfield code="g">1996</subfield>
  </datafield>
  <datafield tag="583" ind1="1" ind2=" ">
    <subfield code="i">CREATE-MARC-run20180626_121202</subfield>
    <subfield code="a">digitized</subfield>
    <subfield code="2">pda</subfield>
    <subfield code="f">CERN Digital Memory Project</subfield>
    <subfield code="k">PICTURAE</subfield>
    <subfield code="u">https://cds.cern.ch/record/2257246</subfield>
    <subfield code="5">SzGeCERN</subfield>
    <subfield code="6">WEEK20-public</subfield>
    <subfield code="b">S1V1: SDI Signal - Digital Betacam, Betacam SP, Betacam, Betacam SX, DVCAM, DVCPRO, DV/Mini DV</subfield>
    <subfield code="3"> Betacam </subfield>
    <subfield code="f">public</subfield>
    <subfield code="z">
 - VISUAL INSPECTION TABLE of Betacam () true  - 
 - RTI VT 4100 of Betacam () true  - 
 - MAC-V013 of Betacam () true Audio present but not on all channels - 
 - MANUAL QC GEN of Betacam () true  - 
 - FILE_PRESENCE of Betacam () true  - 
      </subfield>
    <subfield code="x">
 - VISUAL INSPECTION TABLE timing: from 30/01/2018 12:25 to 30/01/2018 12:25 -
 - RTI VT 4100 timing: from 30/01/2018 12:25 to 30/01/2018 12:40 -
 - MAC-V013 timing: from 30/01/2018 13:21 to 30/01/2018 16:01 -
 - MANUAL QC GEN timing: from 30/01/2018 23:57 to 30/01/2018 23:57 -
 - FILE_PRESENCE timing: from 30/01/2018 23:57 to 30/01/2018 23:57 -
       </subfield>
    <subfield code="c">20180130</subfield>
  </datafield>
  <datafield tag="595" ind1=" " ind2=" ">
    <subfield code="a">SIS AUDIO2000</subfield>
  </datafield>
  <datafield tag="595" ind1=" " ind2=" ">
    <subfield code="a">VIDEO-MF</subfield>
  </datafield>
  <datafield tag="650" ind1="1" ind2="7">
    <subfield code="2">SzGeCERN</subfield>
    <subfield code="a">XX</subfield>
  </datafield>
  <datafield tag="690" ind1="C" ind2=" ">
    <subfield code="a">CERN</subfield>
  </datafield>
  <datafield tag="690" ind1="C" ind2=" ">
    <subfield code="a">TALK</subfield>
  </datafield>
  <datafield tag="690" ind1="C" ind2=" ">
    <subfield code="a">movingimages</subfield>
  </datafield>
  <datafield tag="710" ind1=" " ind2=" ">
    <subfield code="5">EP</subfield>
  </datafield>
  <datafield tag="710" ind1=" " ind2=" ">
    <subfield code="a">CERN. Geneva</subfield>
  </datafield>
  <datafield tag="852" ind1=" " ind2=" ">
    <subfield code="a">60</subfield>
    <subfield code="b">Z0121</subfield>
    <subfield code="c">CM-A00000320</subfield>
  </datafield>
  <datafield tag="856" ind1="4" ind2=" ">
    <subfield code="2">EOS</subfield>
    <subfield code="q">MP4</subfield>
    <subfield code="u">https://cern.ch/digital-memory/media-archive/video/2018/mp4/423249.mp4</subfield>
    <subfield code="s">724036100</subfield>
    <subfield code="y">Video-423249</subfield>
    <subfield code="z">mp4 video format (640x360)</subfield>
    <subfield code="w">(PICTURAE:MD5)ac_S1V1_423249.mp4;4fa5e3c8bddd7f5bc9140642f19562e6</subfield>
  </datafield>
  <datafield tag="856" ind1="7" ind2=" ">
    <subfield code="2">EOS</subfield>
    <subfield code="q">MKV</subfield>
    <subfield code="d">/eos/media/cds/public/www/digital-memory/media-archive/video/2018/mkv/423249.mkv</subfield>
    <subfield code="s">69321762827</subfield>
    <subfield code="w">(PICTURAE:MD5)pm_S1V1_423249.mkv;f0905f18c76a63b6100f9576ec205990</subfield>
  </datafield>
  <datafield tag="856" ind1="7" ind2=" ">
    <subfield code="2">EOS</subfield>
    <subfield code="q">MOV</subfield>
    <subfield code="d">/eos/media/cds/public/www/digital-memory/media-archive/video/2018/mov/423249.mov</subfield>
    <subfield code="s">18032674270</subfield>
    <subfield code="w">(PICTURAE:MD5)am_S1V1_423249.mov;0359f6c47393eb7781e5f52a768ac370</subfield>
  </datafield>
  <datafield tag="916" ind1=" " ind2=" ">
    <subfield code="s">n</subfield>
    <subfield code="w">200206</subfield>
  </datafield>
  <datafield tag="961" ind1=" " ind2=" ">
    <subfield code="c">20100226</subfield>
    <subfield code="h">2004</subfield>
    <subfield code="l">CER01</subfield>
    <subfield code="x">20000124</subfield>
  </datafield>
  <datafield tag="962" ind1=" " ind2=" ">
    <subfield code="b">537352</subfield>
    <subfield code="n">cern900101f</subfield>
  </datafield>
  <datafield tag="963" ind1=" " ind2=" ">
    <subfield code="a">PUBLIC</subfield>
  </datafield>
  <datafield tag="964" ind1=" " ind2=" ">
    <subfield code="a">0001</subfield>
  </datafield>
  <datafield tag="970" ind1=" " ind2=" ">
    <subfield code="a">002171671CER</subfield>
  </datafield>
  <datafield tag="980" ind1=" " ind2=" ">
    <subfield code="a">VIDEOARC</subfield>
  </datafield>
  <datafield tag="980" ind1=" " ind2=" ">
    <subfield code="a">Indico</subfield>
    <subfield code="b">CMTE</subfield>
  </datafield>
</record>