
</collection>
<collection xmlns="http://www.loc.gov/MARC21/slim">
<record>
  <controlfield tag="001">423243</controlfield>
  <controlfield tag="003">GeCERN</controlfield>
  <controlfield tag="005">20221102232826.0</controlfield>
  <datafield tag="024" ind1="8" ind2=" ">
    <subfield code="a">oai:cds.cern.ch:423243</subfield>
    <subfield code="p">cerncds:TALK</subfield>
    <subfield code="p">cerncds:MEMORIAV</subfield>
  </datafield>
  <datafield tag="041" ind1=" " ind2=" ">
    <subfield code="a">eng</subfield>
  </datafield>
  <datafield tag="041" ind1=" " ind2=" ">
    <subfield code="9">review</subfield>
    <subfield code="a">eng</subfield>
  </datafield>
  <datafield tag="088" ind1=" " ind2=" ">
    <subfield code="9">CERN-VIDEO-C-282</subfield>
  </datafield>
  <datafield tag="100" ind1=" " ind2=" ">
    <subfield code="a">Telegdi, Valentine Louis</subfield>
  </datafield>
  <datafield tag="245" ind1=" " ind2=" ">
    <subfield code="a">Mind over matter</subfield>
    <subfield code="b">The intellectuel content of experimental physics</subfield>
  </datafield>
  <datafield tag="260" ind1=" " ind2=" ">
    <subfield code="a">Geneva</subfield>
    <subfield code="b">CERN</subfield>
    <subfield code="c">1996</subfield>
  </datafield>
  <datafield tag="260" ind1=" " ind2=" ">
    <subfield code="9">review</subfield>
    <subfield code="c">1996</subfield>
  </datafield>
  <datafield tag="269" ind1=" " ind2=" ">
    <subfield code="c">1996-10-29</subfield>
  </datafield>
  <datafield tag="300" ind1=" " ind2=" ">
    <subfield code="a">1 VHS video ; 70:00</subfield>
    <subfield code="b">720x576 4/3, 25</subfield>
  </datafield>
  <datafield tag="300" ind1=" " ind2=" ">
    <subfield code="2">CERN-VIDEO-C-282</subfield>
  </datafield>
  <datafield tag="337" ind1=" " ind2=" ">
    <subfield code="a">Video</subfield>
  </datafield>
  <datafield tag="340" ind1=" " ind2=" ">
    <subfield code="9">TELEGDI-1</subfield>
    <subfield code="a">Betacam</subfield>
    <subfield code="j">Master</subfield>
    <subfield code="k">19961029</subfield>
  </datafield>
  <datafield tag="490" ind1=" " ind2=" ">
    <subfield code="a">CERN Miscelleaneous Lecture</subfield>
  </datafield>
  <datafield tag="500" ind1=" " ind2=" ">
    <subfield code="a">VHS not held by the CERN library</subfield>
  </datafield>
  <datafield tag="500" ind1=" " ind2=" ">
    <subfield code="a">The video was digitized from its original recording as part of the CERN Digital Memory project</subfield>
  </datafield>
  <datafield tag="511" ind1="1" ind2=" ">
    <subfield code="9">review</subfield>
    <subfield code="a">Valentine Telegdi</subfield>
  </datafield>
  <datafield tag="514" ind1=" " ind2=" ">
    <subfield code="a">Audio present but not on all channels -  High frequency interference pattern -  Low RF, noisy picture -  Videotape dubbing error -  Video tracking issue -</subfield>
  </datafield>
  <datafield tag="518" ind1=" " ind2=" ">
    <subfield code="a">CERN, Geneva, 29 Oct 1996</subfield>
  </datafield>
  <datafield tag="520" ind1=" " ind2=" ">
    <subfield code="a">La conference de ce soir ne traitera pas de philosophie, bien qu\'elle soit fondee sur la philosophie de l\'auteur concernant l\'enseignement de la physique. Il est bien e\xc3\x82?tabli que les e\xc3\x82?tudiants en physique les plus prometteurs intellectuellement sont enclins a choisir la direction de la physique the\xc3\x82?orique putot qu\'expe\xc3\x82?rimentale. Ceci repre\xc3\x82?sente une vraie perte pour la physique qui est bien, apre\xc3\x82?s tout, une science fonde\xc3\x82?e sur l\'exp\xc3\x82?rimentation. La cause principale de cette regrettable tendance est a chercher dans la manie\xc3\x82?re dont la physique est enseigee : le contenu intellectuel de la physique expe\xc3\x82?rimentale est rarement mis en valeur par la description d\'expe\xc3\x82?riences brillantes. Quelques exemples appropries seront discutes. L\'auditoire devrait posse\xc3\x82?der des notions de base en physique moderne. Les humanistes purs, par exemple les philosophes, s\'ennuieront.</subfield>
  </datafield>
  <datafield tag="520" ind1=" " ind2=" ">
    <subfield code="9">review</subfield>
    <subfield code="a">Valentine Telegdi's lecture on physics education and intellectual content of the experimental physics</subfield>
  </datafield>
  <datafield tag="542" ind1=" " ind2=" ">
    <subfield code="d">CERN</subfield>
    <subfield code="g">1996</subfield>
  </datafield>
  <datafield tag="542" ind1="1" ind2=" ">
    <subfield code="9">review</subfield>
    <subfield code="d">CERN</subfield>
    <subfield code="g">1996</subfield>
  </datafield>
  <datafield tag="583" ind1="1" ind2=" ">
    <subfield code="2">pda</subfield>
    <subfield code="3">Betacam</subfield>
    <subfield code="5">SzGeCERN</subfield>
    <subfield code="6">WEEK16-public</subfield>
    <subfield code="a">digitized</subfield>
    <subfield code="b">S1V1: SDI Signal - Digital Betacam, Betacam SP, Betacam, Betacam SX, DVCAM, DVCPRO, DV/Mini DV</subfield>
    <subfield code="c">20180226</subfield>
    <subfield code="f">CERN Digital Memory Project</subfield>
    <subfield code="f">public</subfield>
    <subfield code="i">CREATE-MARC-run20180622_170916</subfield>
    <subfield code="k">PICTURAE</subfield>
    <subfield code="u">https://cds.cern.ch/record/2257246</subfield>
    <subfield code="x">- VISUAL INSPECTION TABLE timing: from 16/02/2018 11:06 to 16/02/2018 11:06 -
 - RTI VT 4100 timing: from 16/02/2018 11:06 to 16/02/2018 11:16 -
 - MAC-V018 timing: from 19/02/2018 08:56 to 19/02/2018 09:24 -
 - OVEN timing: from 19/02/2018 14:53 to 20/02/2018 08:38 -
 - RTI VT 4100 timing: from 26/02/2018 08:33 to 26/02/2018 08:40 -
 - MAC-V015 timing: from 26/02/2018 08:40 to 26/02/2018 09:53 -
 - MANUAL QC GEN timing: from 26/02/2018 22:12 to 26/02/2018 22:12 -
 - FILE_PRESENCE timing: from 26/02/2018 22:12 to 26/02/2018 22:12 -</subfield>
    <subfield code="z">- VISUAL INSPECTION TABLE of Betacam () true  - 
 - RTI VT 4100 of Betacam () true  - 
 - MAC-V018 of Betacam () false Videotape dubbing error | High frequency interference pattern | Audio present but not on all channels - 
 - OVEN of Betacam () true  - 
 - RTI VT 4100 of Betacam () true  - 
 - MAC-V015 of Betacam () true Audio present but not on all channels | Low RF, noisy picture | Video tracking issue - 
 - MANUAL QC GEN of Betacam () true  - 
 - FILE_PRESENCE of Betacam () true  -</subfield>
  </datafield>
  <datafield tag="590" ind1=" " ind2=" ">
    <subfield code="9">review</subfield>
    <subfield code="a">Conf\xc3\xa9rence de Valentine Telegdi sur l\'enseignement de la physique et le contenu intellectuel de la physique exp\xc3\xa9rimentale</subfield>
  </datafield>
  <datafield tag="594" ind1=" " ind2=" ">
    <subfield code="9">review</subfield>
    <subfield code="a">Conference Speech</subfield>
  </datafield>
  <datafield tag="595" ind1=" " ind2=" ">
    <subfield code="a">SIS AUDIO2000</subfield>
  </datafield>
  <datafield tag="595" ind1=" " ind2=" ">
    <subfield code="a">VIDEO-MF</subfield>
  </datafield>
  <datafield tag="650" ind1="1" ind2="7">
    <subfield code="2">SzGeCERN</subfield>
    <subfield code="a">XX</subfield>
  </datafield>
  <datafield tag="650" ind1="2" ind2="7">
    <subfield code="9">review</subfield>
    <subfield code="a">Portraits of science</subfield>
  </datafield>
  <datafield tag="653" ind1="1" ind2=" ">
    <subfield code="9">review</subfield>
    <subfield code="a">experimental physics</subfield>
  </datafield>
  <datafield tag="653" ind1="1" ind2=" ">
    <subfield code="9">review</subfield>
    <subfield code="a">theoretical physics</subfield>
  </datafield>
  <datafield tag="653" ind1="1" ind2=" ">
    <subfield code="9">review</subfield>
    <subfield code="a">education</subfield>
  </datafield>
  <datafield tag="653" ind1="1" ind2=" ">
    <subfield code="9">review</subfield>
    <subfield code="a">philosophy of science</subfield>
  </datafield>
  <datafield tag="690" ind1="C" ind2=" ">
    <subfield code="a">CERN</subfield>
  </datafield>
  <datafield tag="690" ind1="C" ind2=" ">
    <subfield code="a">TALK</subfield>
  </datafield>
  <datafield tag="690" ind1="C" ind2=" ">
    <subfield code="a">movingimages</subfield>
  </datafield>
  <datafield tag="690" ind1="C" ind2=" ">
    <subfield code="9">review</subfield>
    <subfield code="a">reviewed</subfield>
  </datafield>
  <datafield tag="710" ind1=" " ind2=" ">
    <subfield code="5">EP</subfield>
  </datafield>
  <datafield tag="710" ind1=" " ind2=" ">
    <subfield code="a">CERN. Geneva</subfield>
  </datafield>
  <datafield tag="852" ind1=" " ind2=" ">
    <subfield code="a">60</subfield>
    <subfield code="b">Z0121</subfield>
    <subfield code="c">CM-A00000319</subfield>
  </datafield>
  <datafield tag="856" ind1="7" ind2=" ">
    <subfield code="2">EOS</subfield>
    <subfield code="d">/eos/media/cds/public/www/digital-memory/media-archive/video/open/mkv/423243.mkv</subfield>
    <subfield code="q">MKV</subfield>
    <subfield code="s">62605066092</subfield>
    <subfield code="w">(PICTURAE:MD5)pm_S1V1_423243.mkv;29cc0339db68abf30931d5294424829f</subfield>
  </datafield>
  <datafield tag="856" ind1="7" ind2=" ">
    <subfield code="2">EOS</subfield>
    <subfield code="d">/eos/media/cds/public/www/digital-memory/media-archive/video/open/mov/423243.mov</subfield>
    <subfield code="q">MOV</subfield>
    <subfield code="s">16680357936</subfield>
    <subfield code="w">(PICTURAE:MD5)am_S1V1_423243.mov;865040db1a56b2a75c96c8195ae1470b</subfield>
  </datafield>
  <datafield tag="856" ind1="4" ind2=" ">
    <subfield code="2">EOS</subfield>
    <subfield code="i">Video with automatically extracted subtitles</subfield>
    <subfield code="q">MP4</subfield>
    <subfield code="s">660966836</subfield>
    <subfield code="u">https://cern.ch/digital-memory/media-archive/video/open/mp4/423243.mp4</subfield>
    <subfield code="w">(PICTURAE:MD5)ac_S1V1_423243.mp4;c836518162ae88f14a140332c98b142f</subfield>
    <subfield code="y">Video-423243</subfield>
    <subfield code="z">mp4 video format (640x360)</subfield>
  </datafield>
  <datafield tag="916" ind1=" " ind2=" ">
    <subfield code="s">n</subfield>
    <subfield code="w">200208</subfield>
  </datafield>
  <datafield tag="960" ind1=" " ind2=" ">
    <subfield code="a">200</subfield>
  </datafield>
  <datafield tag="961" ind1=" " ind2=" ">
    <subfield code="c">20100226</subfield>
    <subfield code="h">2004</subfield>
    <subfield code="l">CER01</subfield>
    <subfield code="x">20040218</subfield>
  </datafield>
  <datafield tag="962" ind1=" " ind2=" ">
    <subfield code="b">539139</subfield>
    <subfield code="n">cern900101h</subfield>
  </datafield>
  <datafield tag="963" ind1=" " ind2=" ">
    <subfield code="a">PUBLIC</subfield>
  </datafield>
  <datafield tag="963" ind1=" " ind2=" ">
    <subfield code="9">review</subfield>
    <subfield code="a">PUBLIC</subfield>
  </datafield>
  <datafield tag="970" ind1=" " ind2=" ">
    <subfield code="a">002171660CER</subfield>
  </datafield>
  <datafield tag="970" ind1=" " ind2=" ">
    <subfield code="a">000423243CER</subfield>
  </datafield>
  <datafield tag="980" ind1=" " ind2=" ">
    <subfield code="a">VIDEOARC</subfield>
  </datafield>
  <datafield tag="980" ind1=" " ind2=" ">
    <subfield code="a">Indico</subfield>
    <subfield code="b">SSW</subfield>
  </datafield>
</record>