
</collection>
<collection xmlns="http://www.loc.gov/MARC21/slim">
<record>
  <controlfield tag="001">423183</controlfield>
  <controlfield tag="003">GeCERN</controlfield>
  <controlfield tag="005">20221102230801.0</controlfield>
  <datafield tag="024" ind1="8" ind2=" ">
    <subfield code="a">oai:cds.cern.ch:423183</subfield>
    <subfield code="p">cerncds:TALK</subfield>
    <subfield code="p">cerncds:MEMORIAV</subfield>
  </datafield>
  <datafield tag="041" ind1=" " ind2=" ">
    <subfield code="9">review</subfield>
    <subfield code="a">fre</subfield>
  </datafield>
  <datafield tag="088" ind1=" " ind2=" ">
    <subfield code="9">CERN-VIDEO-C-231-A</subfield>
  </datafield>
  <datafield tag="088" ind1=" " ind2=" ">
    <subfield code="9">CERN-VIDEO-C-231-B</subfield>
  </datafield>
  <datafield tag="100" ind1=" " ind2=" ">
    <subfield code="a">Llewellyn Smith, Christopher Hubert</subfield>
  </datafield>
  <datafield tag="245" ind1=" " ind2=" ">
    <subfield code="a">General Staff Meeting, 27 Nov 1995</subfield>
  </datafield>
  <datafield tag="246" ind1=" " ind2=" ">
    <subfield code="a">R\xc3\xa9union avec l\'ensemble du personnel, 27 Nov 1995</subfield>
  </datafield>
  <datafield tag="260" ind1=" " ind2=" ">
    <subfield code="a">Geneva</subfield>
    <subfield code="b">CERN</subfield>
    <subfield code="c">1995</subfield>
  </datafield>
  <datafield tag="260" ind1=" " ind2=" ">
    <subfield code="9">review</subfield>
    <subfield code="c">1995</subfield>
  </datafield>
  <datafield tag="260" ind1=" " ind2=" ">
    <subfield code="9">review Mar2021</subfield>
    <subfield code="c">1995</subfield>
    <subfield code="8">b</subfield>
  </datafield>
  <datafield tag="269" ind1=" " ind2=" ">
    <subfield code="c">1995-11-27</subfield>
  </datafield>
  <datafield tag="269" ind1=" " ind2=" ">
    <subfield code="9">review Mar2021</subfield>
    <subfield code="c">1995-11-27</subfield>
  </datafield>
  <datafield tag="300" ind1=" " ind2=" ">
    <subfield code="a">1 VHS video ; 90:00</subfield>
    <subfield code="b">720x576 4/3, 25</subfield>
  </datafield>
  <datafield tag="300" ind1=" " ind2=" ">
    <subfield code="2">CERN-VIDEO-C-231-A</subfield>
    <subfield code="8">A</subfield>
  </datafield>
  <datafield tag="300" ind1=" " ind2=" ">
    <subfield code="2">CERN-VIDEO-C-231-B</subfield>
    <subfield code="8">B</subfield>
  </datafield>
  <datafield tag="337" ind1=" " ind2=" ">
    <subfield code="a">Video</subfield>
  </datafield>
  <datafield tag="340" ind1=" " ind2=" ">
    <subfield code="8">A</subfield>
    <subfield code="a">Betacam</subfield>
    <subfield code="j">Master</subfield>
    <subfield code="k">19951127</subfield>
  </datafield>
  <datafield tag="340" ind1=" " ind2=" ">
    <subfield code="8">B</subfield>
    <subfield code="a">Betacam</subfield>
    <subfield code="j">Master</subfield>
    <subfield code="k">19951127</subfield>
  </datafield>
  <datafield tag="490" ind1=" " ind2=" ">
    <subfield code="a">CERN Staff Meeting</subfield>
  </datafield>
  <datafield tag="500" ind1=" " ind2=" ">
    <subfield code="a">VHS not held by the CERN library</subfield>
  </datafield>
  <datafield tag="500" ind1=" " ind2=" ">
    <subfield code="a">CERN, Geneva, 27 Nov 1995</subfield>
  </datafield>
  <datafield tag="500" ind1=" " ind2=" ">
    <subfield code="a">The video was digitized from its original recording as part of the CERN Digital Memory project</subfield>
  </datafield>
  <datafield tag="511" ind1="1" ind2=" ">
    <subfield code="9">review</subfield>
    <subfield code="8">a</subfield>
    <subfield code="a">Cristopher Hubert Llewellyn Smith</subfield>
  </datafield>
  <datafield tag="514" ind1=" " ind2=" ">
    <subfield code="a">Audio present but not on all channels -  Low RF, noisy picture -  </subfield>
  </datafield>
  <datafield tag="518" ind1=" " ind2=" ">
    <subfield code="r">CERN, Geneva, 27 Nov 1995</subfield>
  </datafield>
  <datafield tag="520" ind1=" " ind2=" ">
    <subfield code="9">review</subfield>
    <subfield code="8">a</subfield>
    <subfield code="a">C.H. Llewellyn Smith's talk at the General Staff Meeting</subfield>
  </datafield>
  <datafield tag="542" ind1=" " ind2=" ">
    <subfield code="d">CERN</subfield>
    <subfield code="g">1995</subfield>
  </datafield>
  <datafield tag="542" ind1="1" ind2=" ">
    <subfield code="g">1995</subfield>
    <subfield code="9">review</subfield>
    <subfield code="d">CERN</subfield>
  </datafield>
  <datafield tag="542" ind1="1" ind2=" ">
    <subfield code="9">review Mar2021</subfield>
    <subfield code="d">CERN</subfield>
  </datafield>
  <datafield tag="583" ind1="1" ind2=" ">
    <subfield code="i">CREATE-MARC-run20180620_1025</subfield>
    <subfield code="a">digitized</subfield>
    <subfield code="2">pda</subfield>
    <subfield code="f">CERN Digital Memory Project</subfield>
    <subfield code="k">PICTURAE</subfield>
    <subfield code="u">https://cds.cern.ch/record/2257246</subfield>
    <subfield code="5">SzGeCERN</subfield>
    <subfield code="6">WEEK50-public</subfield>
    <subfield code="b">S1V1: SDI Signal - Digital Betacam, Betacam SP, Betacam, Betacam SX, DVCAM, DVCPRO, DV/Mini DV</subfield>
    <subfield code="8">a</subfield>
    <subfield code="3"> Betacam SP </subfield>
    <subfield code="f">public</subfield>
    <subfield code="l"> Part A </subfield>
    <subfield code="z">
 - VISUAL INSPECTION TABLE of Betacam SP () true  - 
 - RTI VT 4100 of Betacam SP () true  - 
 - MAC-V013 of Betacam SP () true Low RF, noisy picture | Audio present but not on all channels - 
 - MANUAL QC GEN of Betacam SP () true  - 
      </subfield>
    <subfield code="x">
 - VISUAL INSPECTION TABLE timing: from 14/11/2017 13:44 to 14/11/2017 13:44 -
 - RTI VT 4100 timing: from 14/11/2017 14:18 to 14/11/2017 14:33 -
 - MAC-V013 timing: from 16/11/2017 09:43 to 16/11/2017 11:10 -
 - MANUAL QC GEN timing: from 16/11/2017 11:10 to 16/11/2017 11:10 -
       </subfield>
    <subfield code="c">20171116</subfield>
  </datafield>
  <datafield tag="583" ind1="1" ind2=" ">
    <subfield code="2">pda</subfield>
    <subfield code="5">SzGeCERN</subfield>
    <subfield code="a">digitized</subfield>
    <subfield code="c">202103</subfield>
    <subfield code="f">CERN Digital Memory Project</subfield>
    <subfield code="i">OPEN-REFINE Project Mar2021 New HDD</subfield>
    <subfield code="k">PICTURAE</subfield>
    <subfield code="u">https://cds.cern.ch/record/2257246</subfield>
  </datafield>
  <datafield tag="583" ind1="1" ind2=" ">
    <subfield code="3">Betacam SP</subfield>
    <subfield code="6">disks/DELIVERY65</subfield>
    <subfield code="b">S1V1</subfield>
    <subfield code="n">86,0666666666667</subfield>
    <subfield code="o">minutes</subfield>
    <subfield code="8">b</subfield>
  </datafield>
  <datafield tag="583" ind1=" " ind2=" ">
    <subfield code="a">curation</subfield>
    <subfield code="c">Decembre 2020</subfield>
    <subfield code="8">b</subfield>
    <subfield code="z"> -Audio: TRUE -Video Signal: TRUE -Multiple: FALSE -Relevant to CERN: TRUE -Duplicate: FALSE</subfield>
  </datafield>
  <datafield tag="590" ind1=" " ind2=" ">
    <subfield code="9">review</subfield>
    <subfield code="8">a</subfield>
    <subfield code="a">Expos\xc3\xa9 de C.H. Llewellyn Smith \xc3\xa0 l\'assembl\xc3\xa9e g\xc3\xa9n\xc3\xa9rale du personnel</subfield>
  </datafield>
  <datafield tag="594" ind1=" " ind2=" ">
    <subfield code="9">review</subfield>
    <subfield code="a">Conference Speech</subfield>
  </datafield>
  <datafield tag="594" ind1=" " ind2=" ">
    <subfield code="9">review Mar2021</subfield>
    <subfield code="8">b</subfield>
    <subfield code="a">Conference Speech</subfield>
  </datafield>
  <datafield tag="595" ind1=" " ind2=" ">
    <subfield code="a">SIS AUDIO2000</subfield>
  </datafield>
  <datafield tag="595" ind1=" " ind2=" ">
    <subfield code="a">VIDEO-MF</subfield>
  </datafield>
  <datafield tag="650" ind1="1" ind2="7">
    <subfield code="2">SzGeCERN</subfield>
    <subfield code="a">XX</subfield>
  </datafield>
  <datafield tag="650" ind1="2" ind2="7">
    <subfield code="9">review</subfield>
    <subfield code="a">Portraits of science</subfield>
  </datafield>
  <datafield tag="650" ind1="2" ind2="7">
    <subfield code="9">review Mar2021</subfield>
    <subfield code="a">Portraits of science</subfield>
  </datafield>
  <datafield tag="653" ind1="1" ind2=" ">
    <subfield code="9">review</subfield>
    <subfield code="a">DG</subfield>
  </datafield>
  <datafield tag="653" ind1="1" ind2=" ">
    <subfield code="9">review</subfield>
    <subfield code="a">LHC</subfield>
  </datafield>
  <datafield tag="653" ind1="1" ind2=" ">
    <subfield code="9">review</subfield>
    <subfield code="a">Staff meeting</subfield>
  </datafield>
  <datafield tag="690" ind1="C" ind2=" ">
    <subfield code="a">CERN</subfield>
  </datafield>
  <datafield tag="690" ind1="C" ind2=" ">
    <subfield code="a">TALK</subfield>
  </datafield>
  <datafield tag="690" ind1="C" ind2=" ">
    <subfield code="a">movingimages</subfield>
  </datafield>
  <datafield tag="690" ind1="C" ind2=" ">
    <subfield code="9">CERN QA</subfield>
    <subfield code="a">quality-controlled</subfield>
  </datafield>
  <datafield tag="690" ind1="C" ind2=" ">
    <subfield code="9">review</subfield>
    <subfield code="a">reviewed</subfield>
  </datafield>
  <datafield tag="710" ind1=" " ind2=" ">
    <subfield code="5">EP</subfield>
  </datafield>
  <datafield tag="710" ind1=" " ind2=" ">
    <subfield code="a">CERN. Geneva</subfield>
  </datafield>
  <datafield tag="852" ind1=" " ind2=" ">
    <subfield code="8">A</subfield>
    <subfield code="a">60</subfield>
    <subfield code="b">Z2831</subfield>
    <subfield code="c">CM-A00000317</subfield>
  </datafield>
  <datafield tag="852" ind1=" " ind2=" ">
    <subfield code="8">B</subfield>
    <subfield code="a">60</subfield>
    <subfield code="b">Z2831</subfield>
    <subfield code="c">CM-A00000317</subfield>
  </datafield>
  <datafield tag="856" ind1="4" ind2=" ">
    <subfield code="2">EOS</subfield>
    <subfield code="q">MP4</subfield>
    <subfield code="u">https://cern.ch/digital-memory/media-archive/video/open/mp4/423183-a.mp4</subfield>
    <subfield code="s">807559922</subfield>
    <subfield code="y">Video-423183-a</subfield>
    <subfield code="z">mp4 video format (640x360)</subfield>
    <subfield code="w">(PICTURAE:MD5)ac_S1V1_423183-a.mp4;2f3b3de330d60ce1ca75c85b3fd427ba</subfield>
    <subfield code="8">a</subfield>
  </datafield>
  <datafield tag="856" ind1="7" ind2=" ">
    <subfield code="2">EOS</subfield>
    <subfield code="q">MKV</subfield>
    <subfield code="d">/eos/media/cds/public/www/digital-memory/media-archive/video/open/mkv/423183-a.mkv</subfield>
    <subfield code="s">71042305636</subfield>
    <subfield code="w">(PICTURAE:MD5)pm_S1V1_423183-a.mkv;8bddb924209c2c224b651f83d6a0b09f</subfield>
    <subfield code="8">a</subfield>
  </datafield>
  <datafield tag="856" ind1="7" ind2=" ">
    <subfield code="2">EOS</subfield>
    <subfield code="q">MOV</subfield>
    <subfield code="d">/eos/media/cds/public/www/digital-memory/media-archive/video/open/mov/423183-a.mov</subfield>
    <subfield code="s">19994855706</subfield>
    <subfield code="w">(PICTURAE:MD5)am_S1V1_423183-a.mov;9f64db7905045108efd22c9df5bda83b</subfield>
    <subfield code="8">a</subfield>
  </datafield>
  <datafield tag="856" ind1="4" ind2=" ">
    <subfield code="2">EOS</subfield>
    <subfield code="q">MP4</subfield>
    <subfield code="u">https://cern.ch/digital-memory/media-archive/video/open/mp4/423183-b.mp4</subfield>
    <subfield code="y">Video-423183-b</subfield>
    <subfield code="z">mp4 video format (640x360)</subfield>
    <subfield code="w">(PICTURAE:MD5)ac_S1V1_423183-b.mp4;64ec1b4d7c771c59350f21e8a559a89d</subfield>
  </datafield>
  <datafield tag="856" ind1="7" ind2=" ">
    <subfield code="2">EOS</subfield>
    <subfield code="q">MOV</subfield>
    <subfield code="d">/eos/media/cds/public/www/digital-memory/media-archive/video/open/mov/423183-b.mov</subfield>
    <subfield code="w">(PICTURAE:MD5)am_S1V1_423183-b.mov;8b5ba8af5d94712f4dbe9f3082c7dc5c</subfield>
  </datafield>
  <datafield tag="856" ind1="7" ind2=" ">
    <subfield code="2">EOS</subfield>
    <subfield code="q">MKV</subfield>
    <subfield code="d">/eos/media/cds/public/www/digital-memory/media-archive/video/open/mkv/423183-b.mkv</subfield>
    <subfield code="w">(PICTURAE:MD5)pm_S1V1_423183-b.mkv;85a614e5f7cadb6d4a08e075a58a356e</subfield>
  </datafield>
  <datafield tag="916" ind1=" " ind2=" ">
    <subfield code="s">n</subfield>
    <subfield code="w">200208</subfield>
  </datafield>
  <datafield tag="960" ind1=" " ind2=" ">
    <subfield code="a">200</subfield>
  </datafield>
  <datafield tag="961" ind1=" " ind2=" ">
    <subfield code="c">20100226</subfield>
    <subfield code="h">2004</subfield>
    <subfield code="l">CER01</subfield>
    <subfield code="x">20000124</subfield>
  </datafield>
  <datafield tag="961" ind1=" " ind2=" ">
    <subfield code="a">Tom Barth\xc3\xa9l\xc3\xa9my</subfield>
    <subfield code="b">Curator</subfield>
    <subfield code="x">2021-03-01</subfield>
  </datafield>
  <datafield tag="962" ind1=" " ind2=" ">
    <subfield code="b">538288</subfield>
    <subfield code="n">cern900101i</subfield>
  </datafield>
  <datafield tag="963" ind1=" " ind2=" ">
    <subfield code="a">PUBLIC</subfield>
  </datafield>
  <datafield tag="963" ind1=" " ind2=" ">
    <subfield code="9">review</subfield>
    <subfield code="a">PUBLIC</subfield>
  </datafield>
  <datafield tag="963" ind1=" " ind2=" ">
    <subfield code="9">review
</subfield>
    <subfield code="a">PUBLIC</subfield>
    <subfield code="8">b</subfield>
  </datafield>
  <datafield tag="970" ind1=" " ind2=" ">
    <subfield code="a">002171480CER</subfield>
  </datafield>
  <datafield tag="970" ind1=" " ind2=" ">
    <subfield code="a">000423183CER</subfield>
  </datafield>
  <datafield tag="980" ind1=" " ind2=" ">
    <subfield code="a">VIDEOARC</subfield>
  </datafield>
  <datafield tag="980" ind1=" " ind2=" ">
    <subfield code="a">Indico</subfield>
    <subfield code="b">CMTE</subfield>
  </datafield>
</record>