
</collection>
<collection xmlns="http://www.loc.gov/MARC21/slim">
<record>
  <controlfield tag="001">423176</controlfield>
  <controlfield tag="003">GeCERN</controlfield>
  <controlfield tag="005">20221102232911.0</controlfield>
  <datafield tag="024" ind1="8" ind2=" ">
    <subfield code="a">oai:cds.cern.ch:423176</subfield>
    <subfield code="p">cerncds:TALK</subfield>
    <subfield code="p">cerncds:MEMORIAV</subfield>
  </datafield>
  <datafield tag="041" ind1=" " ind2=" ">
    <subfield code="9">review</subfield>
    <subfield code="a">eng</subfield>
  </datafield>
  <datafield tag="088" ind1=" " ind2=" ">
    <subfield code="9">CERN-VIDEO-C-203-A</subfield>
  </datafield>
  <datafield tag="088" ind1=" " ind2=" ">
    <subfield code="9">CERN-VIDEO-C-203-B</subfield>
  </datafield>
  <datafield tag="088" ind1=" " ind2=" ">
    <subfield code="9">CERN-VIDEO-C-203-C</subfield>
  </datafield>
  <datafield tag="088" ind1=" " ind2=" ">
    <subfield code="9">CERN-VIDEO-C-203-D</subfield>
  </datafield>
  <datafield tag="088" ind1=" " ind2=" ">
    <subfield code="9">CERN-VIDEO-C-203-E</subfield>
  </datafield>
  <datafield tag="088" ind1=" " ind2=" ">
    <subfield code="9">CERN-VIDEO-C-203-F</subfield>
  </datafield>
  <datafield tag="100" ind1=" " ind2=" ">
    <subfield code="a">Llewellyn Smith, Christopher Hubert</subfield>
  </datafield>
  <datafield tag="245" ind1=" " ind2=" ">
    <subfield code="a">CERN World-Wide Web Days</subfield>
  </datafield>
  <datafield tag="260" ind1=" " ind2=" ">
    <subfield code="a">Geneva</subfield>
    <subfield code="b">CERN</subfield>
    <subfield code="c">1994</subfield>
  </datafield>
  <datafield tag="260" ind1=" " ind2=" ">
    <subfield code="9">review</subfield>
    <subfield code="c">1994</subfield>
  </datafield>
  <datafield tag="260" ind1=" " ind2=" ">
    <subfield code="9">review Mar2021</subfield>
    <subfield code="c">1995</subfield>
    <subfield code="8">c</subfield>
  </datafield>
  <datafield tag="269" ind1=" " ind2=" ">
    <subfield code="c">1994-03-08</subfield>
  </datafield>
  <datafield tag="269" ind1=" " ind2=" ">
    <subfield code="9">review Mar2021</subfield>
    <subfield code="c">1995-03</subfield>
  </datafield>
  <datafield tag="300" ind1=" " ind2=" ">
    <subfield code="a">3 VHS video ; 60:00 ; 60:00 ; 60:00</subfield>
    <subfield code="b">720x576 4/3, 25</subfield>
  </datafield>
  <datafield tag="300" ind1=" " ind2=" ">
    <subfield code="2">CERN-VIDEO-C-203-A</subfield>
    <subfield code="8">A</subfield>
  </datafield>
  <datafield tag="300" ind1=" " ind2=" ">
    <subfield code="2">CERN-VIDEO-C-203-B</subfield>
    <subfield code="8">B</subfield>
  </datafield>
  <datafield tag="300" ind1=" " ind2=" ">
    <subfield code="2">CERN-VIDEO-C-203-C</subfield>
    <subfield code="8">C</subfield>
  </datafield>
  <datafield tag="300" ind1=" " ind2=" ">
    <subfield code="2">CERN-VIDEO-C-203-D</subfield>
    <subfield code="8">D</subfield>
  </datafield>
  <datafield tag="300" ind1=" " ind2=" ">
    <subfield code="2">CERN-VIDEO-C-203-E</subfield>
    <subfield code="8">E</subfield>
  </datafield>
  <datafield tag="300" ind1=" " ind2=" ">
    <subfield code="2">CERN-VIDEO-C-203-F</subfield>
    <subfield code="8">F</subfield>
  </datafield>
  <datafield tag="337" ind1=" " ind2=" ">
    <subfield code="a">Video</subfield>
  </datafield>
  <datafield tag="340" ind1=" " ind2=" ">
    <subfield code="8">A</subfield>
    <subfield code="a">Betacam</subfield>
    <subfield code="j">Master</subfield>
    <subfield code="k">19950308</subfield>
  </datafield>
  <datafield tag="340" ind1=" " ind2=" ">
    <subfield code="8">B</subfield>
    <subfield code="a">Betacam</subfield>
    <subfield code="j">Master</subfield>
    <subfield code="k">19950308</subfield>
  </datafield>
  <datafield tag="340" ind1=" " ind2=" ">
    <subfield code="8">C</subfield>
    <subfield code="a">Betacam</subfield>
    <subfield code="j">Master</subfield>
    <subfield code="k">19950308</subfield>
  </datafield>
  <datafield tag="340" ind1=" " ind2=" ">
    <subfield code="8">D</subfield>
    <subfield code="a">Betacam</subfield>
    <subfield code="j">Master</subfield>
    <subfield code="k">19950308</subfield>
  </datafield>
  <datafield tag="340" ind1=" " ind2=" ">
    <subfield code="8">E</subfield>
    <subfield code="a">Betacam</subfield>
    <subfield code="j">Master</subfield>
    <subfield code="k">19950308</subfield>
  </datafield>
  <datafield tag="340" ind1=" " ind2=" ">
    <subfield code="8">F</subfield>
    <subfield code="a">Betacam</subfield>
    <subfield code="j">Master</subfield>
    <subfield code="k">19950308</subfield>
  </datafield>
  <datafield tag="490" ind1=" " ind2=" ">
    <subfield code="a">CERN Miscelleanous Lectures</subfield>
  </datafield>
  <datafield tag="500" ind1=" " ind2=" ">
    <subfield code="a">VHS not held by the CERN library</subfield>
  </datafield>
  <datafield tag="500" ind1=" " ind2=" ">
    <subfield code="a">The video was digitized from its original recording as part of the CERN Digital Memory project</subfield>
  </datafield>
  <datafield tag="514" ind1=" " ind2=" ">
    <subfield code="a">Audio present but not on all channels -  Low RF, noisy picture -  </subfield>
  </datafield>
  <datafield tag="514" ind1=" " ind2=" ">
    <subfield code="a">Audio present but not on all channels -  High frequency interference pattern -  Low RF, noisy picture -  Video tracking issue -  </subfield>
    <subfield code="8">e</subfield>
  </datafield>
  <datafield tag="514" ind1=" " ind2=" ">
    <subfield code="a">Audio present but not on all channels -  Low RF, noisy picture -  </subfield>
    <subfield code="8">f</subfield>
  </datafield>
  <datafield tag="518" ind1=" " ind2=" ">
    <subfield code="a">CERN, Geneva, 8, 9 Mar 1994</subfield>
  </datafield>
  <datafield tag="520" ind1=" " ind2=" ">
    <subfield code="a">Switching on a World-Wide Web server in Liverpool. WhAt is the Internet? What is the Web?A potted history How do I connect up to the Web?What will it cost? How do I get my own server onto the Web? Why we are on the Web Legal implications Who controls the Internet?- unsuitable material on the Web Will the Web continue to grow?</subfield>
  </datafield>
  <datafield tag="542" ind1=" " ind2=" ">
    <subfield code="d">CERN</subfield>
    <subfield code="g">1994</subfield>
  </datafield>
  <datafield tag="542" ind1="1" ind2=" ">
    <subfield code="g">1994</subfield>
    <subfield code="9">review</subfield>
    <subfield code="d">CERN</subfield>
  </datafield>
  <datafield tag="542" ind1="1" ind2=" ">
    <subfield code="9">review Mar2021</subfield>
    <subfield code="d">CERN</subfield>
  </datafield>
  <datafield tag="583" ind1="1" ind2=" ">
    <subfield code="i">CREATE-MARC-run20180620_1025</subfield>
    <subfield code="a">digitized</subfield>
    <subfield code="2">pda</subfield>
    <subfield code="f">CERN Digital Memory Project</subfield>
    <subfield code="k">PICTURAE</subfield>
    <subfield code="u">https://cds.cern.ch/record/2257246</subfield>
    <subfield code="5">SzGeCERN</subfield>
    <subfield code="6">WEEK50-public</subfield>
    <subfield code="b">S1V1: SDI Signal - Digital Betacam, Betacam SP, Betacam, Betacam SX, DVCAM, DVCPRO, DV/Mini DV</subfield>
    <subfield code="8">d</subfield>
    <subfield code="3"> Betacam SP </subfield>
    <subfield code="f">public</subfield>
    <subfield code="l"> Cern W3 Days 8 and 9/3/95 D </subfield>
    <subfield code="z">
 - VISUAL INSPECTION TABLE of Betacam SP () true  -
 - RTI VT 4100 of Betacam SP () true  -
 - MAC-V012 of Betacam SP () true Low RF, noisy picture | Audio present but not on all channels -
 - MANUAL QC GEN of Betacam SP () true  -
      </subfield>
    <subfield code="x">
 - VISUAL INSPECTION TABLE timing: from 24/10/2017 13:20 to 24/10/2017 13:20 -
 - RTI VT 4100 timing: from 24/10/2017 13:21 to 24/10/2017 13:33 -
 - MAC-V012 timing: from 25/10/2017 09:19 to 25/10/2017 09:33 -
 - MANUAL QC GEN timing: from 25/10/2017 09:33 to 25/10/2017 09:33 -
       </subfield>
    <subfield code="c">20171025</subfield>
  </datafield>
  <datafield tag="583" ind1="1" ind2=" ">
    <subfield code="i">CREATE-MARC-run20180622_170151</subfield>
    <subfield code="a">digitized</subfield>
    <subfield code="2">pda</subfield>
    <subfield code="f">CERN Digital Memory Project</subfield>
    <subfield code="k">PICTURAE</subfield>
    <subfield code="u">https://cds.cern.ch/record/2257246</subfield>
    <subfield code="5">SzGeCERN</subfield>
    <subfield code="6">WEEK02-public</subfield>
    <subfield code="b">S1V1: SDI Signal - Digital Betacam, Betacam SP, Betacam, Betacam SX, DVCAM, DVCPRO, DV/Mini DV</subfield>
    <subfield code="8">e</subfield>
    <subfield code="3"> Betacam SP </subfield>
    <subfield code="f">public</subfield>
    <subfield code="l"> Cern W3 Days 8 and 9/3/95 E </subfield>
    <subfield code="z">
 - VISUAL INSPECTION TABLE of Betacam SP () true  -
 - RTI VT 4100 of Betacam SP () true  -
 - MAC-V011 of Betacam SP () false Low RF, noisy picture | Video tracking issue | High frequency interference pattern -
 - OVEN of Betacam SP () true  -
 - MAC-V014 of Betacam SP () false Video tracking issue | Low RF, noisy picture -
 - OVEN of Betacam SP () true  -
 - RTI VT 4100 of Betacam SP () true  -
 - MAC-V016 of Betacam SP () true Audio present but not on all channels -
 - MANUAL QC GEN of Betacam SP () true  -
 - MANUAL QC GEN of Betacam SP () true  -
 - FILE_PRESENCE of Betacam SP () true  -
      </subfield>
    <subfield code="x">
 - VISUAL INSPECTION TABLE timing: from 24/10/2017 13:53 to 24/10/2017 13:53 -
 - RTI VT 4100 timing: from 24/10/2017 13:54 to 24/10/2017 14:34 -
 - MAC-V011 timing: from 24/10/2017 14:38 to 24/10/2017 15:11 -
 - OVEN timing: from 24/10/2017 20:48 to 26/10/2017 09:24 -
 - MAC-V014 timing: from 26/10/2017 11:29 to 26/10/2017 13:07 -
 - OVEN timing: from 22/12/2017 15:47 to 02/01/2018 11:45 -
 - RTI VT 4100 timing: from 02/01/2018 13:37 to 02/01/2018 13:57 -
 - MAC-V016 timing: from 02/01/2018 15:03 to 02/01/2018 16:20 -
 - MANUAL QC GEN timing: from 02/01/2018 16:20 to 02/01/2018 16:20 -
 - MANUAL QC GEN timing: from 17/01/2018 16:29 to 17/01/2018 16:29 -
 - FILE_PRESENCE timing: from 17/01/2018 16:29 to 17/01/2018 16:29 -
       </subfield>
    <subfield code="c">20180117</subfield>
  </datafield>
  <datafield tag="583" ind1="1" ind2=" ">
    <subfield code="i">CREATE-MARC-run20180622_170151</subfield>
    <subfield code="a">digitized</subfield>
    <subfield code="2">pda</subfield>
    <subfield code="f">CERN Digital Memory Project</subfield>
    <subfield code="k">PICTURAE</subfield>
    <subfield code="u">https://cds.cern.ch/record/2257246</subfield>
    <subfield code="5">SzGeCERN</subfield>
    <subfield code="6">WEEK02-public</subfield>
    <subfield code="b">S1V1: SDI Signal - Digital Betacam, Betacam SP, Betacam, Betacam SX, DVCAM, DVCPRO, DV/Mini DV</subfield>
    <subfield code="8">f</subfield>
    <subfield code="3"> Betacam SP </subfield>
    <subfield code="f">public</subfield>
    <subfield code="l"> Cern W3 Days 8 and 9/3/95 F </subfield>
    <subfield code="z">
 - VISUAL INSPECTION TABLE of Betacam SP () true  -
 - RTI VT 4100 of Betacam SP () true  -
 - MAC-V012 of Betacam SP () true Low RF, noisy picture | Audio present but not on all channels -
      </subfield>
    <subfield code="x">
 - VISUAL INSPECTION TABLE timing: from 24/10/2017 13:53 to 24/10/2017 13:53 -
 - RTI VT 4100 timing: from 24/10/2017 13:54 to 24/10/2017 14:34 -
 - MAC-V012 timing: from 24/10/2017 14:39 to 24/10/2017 15:12 -
       </subfield>
    <subfield code="c">20171024</subfield>
  </datafield>
  <datafield tag="583" ind1="1" ind2=" ">
    <subfield code="2">pda</subfield>
    <subfield code="5">SzGeCERN</subfield>
    <subfield code="a">digitized</subfield>
    <subfield code="c">202103</subfield>
    <subfield code="f">CERN Digital Memory Project</subfield>
    <subfield code="i">OPEN-REFINE Project Mar2021 New HDD</subfield>
    <subfield code="k">PICTURAE</subfield>
    <subfield code="u">https://cds.cern.ch/record/2257246</subfield>
  </datafield>
  <datafield tag="583" ind1="1" ind2=" ">
    <subfield code="3">Betacam SP</subfield>
    <subfield code="6">mirror/Week23</subfield>
    <subfield code="b">S1V1</subfield>
    <subfield code="n">75,1166666666667</subfield>
    <subfield code="o">minutes</subfield>
    <subfield code="x"> Audio present but not on all channels; High frequency interference pattern; Low RF, noisy picture; Video tracking issue</subfield>
    <subfield code="8">c</subfield>
  </datafield>
  <datafield tag="583" ind1=" " ind2=" ">
    <subfield code="a">curation</subfield>
    <subfield code="c">Decembre 2020</subfield>
    <subfield code="8">c</subfield>
    <subfield code="z"> -Audio: TRUE -Video Signal: TRUE -Multiple: FALSE -Relevant to CERN: TRUE -Duplicate: FALSE</subfield>
  </datafield>
  <datafield tag="590" ind1=" " ind2=" ">
    <subfield code="9">review</subfield>
    <subfield code="8">d</subfield>
    <subfield code="a">Conf\xc3\xa9rence explicative d\'internet et de toutes les informations qu\'il y a a savoir sur le "world wide web"</subfield>
  </datafield>
  <datafield tag="590" ind1=" " ind2=" ">
    <subfield code="9">review</subfield>
    <subfield code="8">e</subfield>
    <subfield code="a">Conf\xc3\xa9rence explicative d\'internet et de toutes les informations qu\'il y a a savoir au niveau juridique sur le "world wide web"</subfield>
  </datafield>
  <datafield tag="590" ind1=" " ind2=" ">
    <subfield code="9">review</subfield>
    <subfield code="8">f</subfield>
    <subfield code="a">Conf\xc3\xa9rence explicative d\'internet et de toutes les informations qu\'il y a a savoir sur le "world wide web"</subfield>
  </datafield>
  <datafield tag="594" ind1=" " ind2=" ">
    <subfield code="9">review</subfield>
    <subfield code="a">Conference Speech</subfield>
  </datafield>
  <datafield tag="594" ind1=" " ind2=" ">
    <subfield code="9">review Mar2021</subfield>
    <subfield code="8">c</subfield>
    <subfield code="a">Conference Speech</subfield>
  </datafield>
  <datafield tag="595" ind1=" " ind2=" ">
    <subfield code="a">SIS AUDIO2000</subfield>
  </datafield>
  <datafield tag="595" ind1=" " ind2=" ">
    <subfield code="a">VIDEO-MF</subfield>
  </datafield>
  <datafield tag="650" ind1="1" ind2="7">
    <subfield code="2">SzGeCERN</subfield>
    <subfield code="a">XX</subfield>
  </datafield>
  <datafield tag="650" ind1="2" ind2="7">
    <subfield code="9">review Mar2021</subfield>
    <subfield code="a">Portraits of science</subfield>
  </datafield>
  <datafield tag="653" ind1="1" ind2=" ">
    <subfield code="9">review</subfield>
    <subfield code="8">d</subfield>
    <subfield code="a">conference</subfield>
  </datafield>
  <datafield tag="653" ind1="1" ind2=" ">
    <subfield code="9">review</subfield>
    <subfield code="8">d</subfield>
    <subfield code="a">world wide web</subfield>
  </datafield>
  <datafield tag="653" ind1="1" ind2=" ">
    <subfield code="9">review Mar2021</subfield>
    <subfield code="8">c</subfield>
    <subfield code="a">Conference</subfield>
  </datafield>
  <datafield tag="653" ind1="1" ind2=" ">
    <subfield code="9">review Mar2021</subfield>
    <subfield code="8">c</subfield>
    <subfield code="a">World Wide Web</subfield>
  </datafield>
  <datafield tag="690" ind1="C" ind2=" ">
    <subfield code="a">CERN</subfield>
  </datafield>
  <datafield tag="690" ind1="C" ind2=" ">
    <subfield code="a">TALK</subfield>
  </datafield>
  <datafield tag="690" ind1="C" ind2=" ">
    <subfield code="a">movingimages</subfield>
  </datafield>
  <datafield tag="690" ind1="C" ind2=" ">
    <subfield code="9">CERN QA</subfield>
    <subfield code="a">quality-controlled</subfield>
  </datafield>
  <datafield tag="690" ind1="C" ind2=" ">
    <subfield code="9">review</subfield>
    <subfield code="a">reviewed</subfield>
  </datafield>
  <datafield tag="700" ind1=" " ind2=" ">
    <subfield code="a">Altaber, Jacques</subfield>
  </datafield>
  <datafield tag="700" ind1=" " ind2=" ">
    <subfield code="a">Breen, J</subfield>
  </datafield>
  <datafield tag="700" ind1=" " ind2=" ">
    <subfield code="a">Brunner, B</subfield>
  </datafield>
  <datafield tag="700" ind1=" " ind2=" ">
    <subfield code="a">Bruno, F</subfield>
  </datafield>
  <datafield tag="700" ind1=" " ind2=" ">
    <subfield code="a">Cailliau, Robert</subfield>
  </datafield>
  <datafield tag="700" ind1=" " ind2=" ">
    <subfield code="a">Elliott, B</subfield>
  </datafield>
  <datafield tag="700" ind1=" " ind2=" ">
    <subfield code="a">Hardy, T</subfield>
  </datafield>
  <datafield tag="700" ind1=" " ind2=" ">
    <subfield code="a">Hunt, D</subfield>
  </datafield>
  <datafield tag="700" ind1=" " ind2=" ">
    <subfield code="0">AUTHOR|(CDS)2067648</subfield>
    <subfield code="9">#BEARD#</subfield>
    <subfield code="a">Innocente, Vincenzo</subfield>
  </datafield>
  <datafield tag="700" ind1=" " ind2=" ">
    <subfield code="a">Isberg, G</subfield>
  </datafield>
  <datafield tag="700" ind1=" " ind2=" ">
    <subfield code="a">Ludvigsen, B</subfield>
  </datafield>
  <datafield tag="700" ind1=" " ind2=" ">
    <subfield code="a">Trudel, P</subfield>
  </datafield>
  <datafield tag="700" ind1=" " ind2=" ">
    <subfield code="a">Williams, D</subfield>
  </datafield>
  <datafield tag="710" ind1=" " ind2=" ">
    <subfield code="5">EP</subfield>
  </datafield>
  <datafield tag="710" ind1=" " ind2=" ">
    <subfield code="a">CERN. Geneva</subfield>
  </datafield>
  <datafield tag="852" ind1=" " ind2=" ">
    <subfield code="8">A</subfield>
    <subfield code="a">60</subfield>
    <subfield code="b">Z2751</subfield>
    <subfield code="c">CM-A00000314</subfield>
  </datafield>
  <datafield tag="852" ind1=" " ind2=" ">
    <subfield code="8">B</subfield>
    <subfield code="a">60</subfield>
    <subfield code="b">Z2751</subfield>
    <subfield code="c">CM-A00000314</subfield>
  </datafield>
  <datafield tag="852" ind1=" " ind2=" ">
    <subfield code="8">C</subfield>
    <subfield code="a">60</subfield>
    <subfield code="b">Z2751</subfield>
    <subfield code="c">CM-A00000314</subfield>
  </datafield>
  <datafield tag="852" ind1=" " ind2=" ">
    <subfield code="8">D</subfield>
    <subfield code="a">60</subfield>
    <subfield code="b">Z2751</subfield>
    <subfield code="c">CM-A00000314</subfield>
  </datafield>
  <datafield tag="852" ind1=" " ind2=" ">
    <subfield code="8">E</subfield>
    <subfield code="a">60</subfield>
    <subfield code="b">Z2751</subfield>
    <subfield code="c">CM-A00000314</subfield>
  </datafield>
  <datafield tag="852" ind1=" " ind2=" ">
    <subfield code="8">F</subfield>
    <subfield code="a">60</subfield>
    <subfield code="b">Z2751</subfield>
    <subfield code="c">CM-A00000314</subfield>
  </datafield>
  <datafield tag="856" ind1="4" ind2=" ">
    <subfield code="2">EOS</subfield>
    <subfield code="q">MP4</subfield>
    <subfield code="u">https://cern.ch/digital-memory/media-archive/video/open/mp4/423176-d.mp4</subfield>
    <subfield code="s">114605183</subfield>
    <subfield code="y">Video-423176-d</subfield>
    <subfield code="z">mp4 video format (640x360)</subfield>
    <subfield code="w">(PICTURAE:MD5)ac_S1V1_423176-d.mp4;1fddc7ba89a29ae84cf0a0cd00d00d56</subfield>
    <subfield code="8">d</subfield>
  </datafield>
  <datafield tag="856" ind1="7" ind2=" ">
    <subfield code="2">EOS</subfield>
    <subfield code="q">MKV</subfield>
    <subfield code="d">/eos/media/cds/public/www/digital-memory/media-archive/video/open/mkv/423176-d.mkv</subfield>
    <subfield code="s">9795366378</subfield>
    <subfield code="w">(PICTURAE:MD5)pm_S1V1_423176-d.mkv;aa1e2ef3d5ec95739b2657d46ba76dc2</subfield>
    <subfield code="8">d</subfield>
  </datafield>
  <datafield tag="856" ind1="7" ind2=" ">
    <subfield code="2">EOS</subfield>
    <subfield code="q">MOV</subfield>
    <subfield code="d">/eos/media/cds/public/www/digital-memory/media-archive/video/open/mov/423176-d.mov</subfield>
    <subfield code="s">2880926971</subfield>
    <subfield code="w">(PICTURAE:MD5)am_S1V1_423176-d.mov;bc0830ef77e072e72f5389c4af7f747d</subfield>
    <subfield code="8">d</subfield>
  </datafield>
  <datafield tag="856" ind1="4" ind2=" ">
    <subfield code="2">EOS</subfield>
    <subfield code="q">MP4</subfield>
    <subfield code="u">https://cern.ch/digital-memory/media-archive/video/open/mp4/423176-e.mp4</subfield>
    <subfield code="s">709947980</subfield>
    <subfield code="y">Video-423176-e</subfield>
    <subfield code="z">mp4 video format (640x360)</subfield>
    <subfield code="w">(PICTURAE:MD5)ac_S1V1_423176-e.mp4;f315241390486405e2db955a4005a84d</subfield>
    <subfield code="8">e</subfield>
  </datafield>
  <datafield tag="856" ind1="7" ind2=" ">
    <subfield code="2">EOS</subfield>
    <subfield code="q">MKV</subfield>
    <subfield code="d">/eos/media/cds/public/www/digital-memory/media-archive/video/open/mkv/423176-e.mkv</subfield>
    <subfield code="s">68045666339</subfield>
    <subfield code="w">(PICTURAE:MD5)pm_S1V1_423176-e.mkv;974f2cd1626269ff6f035b2f57f55dd1</subfield>
    <subfield code="8">e</subfield>
  </datafield>
  <datafield tag="856" ind1="7" ind2=" ">
    <subfield code="2">EOS</subfield>
    <subfield code="q">MOV</subfield>
    <subfield code="d">/eos/media/cds/public/www/digital-memory/media-archive/video/open/mov/423176-e.mov</subfield>
    <subfield code="s">17847669466</subfield>
    <subfield code="w">(PICTURAE:MD5)am_S1V1_423176-e.mov;f2f386099779a73bc0c28f9f9837bcd4</subfield>
    <subfield code="8">e</subfield>
  </datafield>
  <datafield tag="856" ind1="4" ind2=" ">
    <subfield code="2">EOS</subfield>
    <subfield code="q">MP4</subfield>
    <subfield code="u">https://cern.ch/digital-memory/media-archive/video/open/mp4/423176-f.mp4</subfield>
    <subfield code="s">269241889</subfield>
    <subfield code="y">Video-423176-f</subfield>
    <subfield code="z">mp4 video format (640x360)</subfield>
    <subfield code="w">(PICTURAE:MD5)ac_S1V1_423176-f.mp4;c22699ef7f68081a3698701c283b51f7</subfield>
    <subfield code="8">f</subfield>
  </datafield>
  <datafield tag="856" ind1="7" ind2=" ">
    <subfield code="2">EOS</subfield>
    <subfield code="q">MKV</subfield>
    <subfield code="d">/eos/media/cds/public/www/digital-memory/media-archive/video/open/mkv/423176-f.mkv</subfield>
    <subfield code="s">24524761984</subfield>
    <subfield code="w">(PICTURAE:MD5)pm_S1V1_423176-f.mkv;dc8a28d7fcbb6e93b5ce99eec904ba40</subfield>
    <subfield code="8">f</subfield>
  </datafield>
  <datafield tag="856" ind1="7" ind2=" ">
    <subfield code="2">EOS</subfield>
    <subfield code="q">MOV</subfield>
    <subfield code="d">/eos/media/cds/public/www/digital-memory/media-archive/video/open/mov/423176-f.mov</subfield>
    <subfield code="s">6797940070</subfield>
    <subfield code="w">(PICTURAE:MD5)am_S1V1_423176-f.mov;289f888def5adb14b9bcf52f302ab9d0</subfield>
    <subfield code="8">f</subfield>
  </datafield>
  <datafield tag="916" ind1=" " ind2=" ">
    <subfield code="s">n</subfield>
    <subfield code="w">200208</subfield>
  </datafield>
  <datafield tag="960" ind1=" " ind2=" ">
    <subfield code="a">200</subfield>
  </datafield>
  <datafield tag="961" ind1=" " ind2=" ">
    <subfield code="c">20100226</subfield>
    <subfield code="h">2004</subfield>
    <subfield code="l">CER01</subfield>
    <subfield code="x">20000124</subfield>
  </datafield>
  <datafield tag="961" ind1=" " ind2=" ">
    <subfield code="a">Marina Savino</subfield>
    <subfield code="b">Curator</subfield>
    <subfield code="x">2021-03-01</subfield>
  </datafield>
  <datafield tag="962" ind1=" " ind2=" ">
    <subfield code="b">539139</subfield>
    <subfield code="n">cern900101h</subfield>
  </datafield>
  <datafield tag="963" ind1=" " ind2=" ">
    <subfield code="a">PUBLIC</subfield>
  </datafield>
  <datafield tag="963" ind1=" " ind2=" ">
    <subfield code="9">review</subfield>
    <subfield code="a">PUBLIC</subfield>
  </datafield>
  <datafield tag="963" ind1=" " ind2=" ">
    <subfield code="9">review
</subfield>
    <subfield code="a">PUBLIC</subfield>
    <subfield code="8">c</subfield>
  </datafield>
  <datafield tag="970" ind1=" " ind2=" ">
    <subfield code="a">002171458CER</subfield>
  </datafield>
  <datafield tag="970" ind1=" " ind2=" ">
    <subfield code="a">000423176CER</subfield>
  </datafield>
  <datafield tag="980" ind1=" " ind2=" ">
    <subfield code="a">VIDEOARC</subfield>
  </datafield>
  <datafield tag="980" ind1=" " ind2=" ">
    <subfield code="a">Indico</subfield>
    <subfield code="b">SSW</subfield>
  </datafield>
</record>