
</collection>
<collection xmlns="http://www.loc.gov/MARC21/slim">
<record>
  <controlfield tag="001">423172</controlfield>
  <controlfield tag="003">GeCERN</controlfield>
  <controlfield tag="005">20210326220310.0</controlfield>
  <datafield tag="024" ind1="8" ind2=" ">
    <subfield code="a">oai:cds.cern.ch:423172</subfield>
    <subfield code="p">cerncds:MEMORIAV</subfield>
    <subfield code="q">cerncds:TALK</subfield>
  </datafield>
  <datafield tag="041" ind1=" " ind2=" ">
    <subfield code="9">review</subfield>
    <subfield code="a">eng</subfield>
  </datafield>
  <datafield tag="088" ind1=" " ind2=" ">
    <subfield code="9">CERN-VIDEO-C-192-01</subfield>
  </datafield>
  <datafield tag="088" ind1=" " ind2=" ">
    <subfield code="9">CERN-VIDEO-C-192-02</subfield>
  </datafield>
  <datafield tag="088" ind1=" " ind2=" ">
    <subfield code="9">CERN-VIDEO-C-192-03</subfield>
  </datafield>
  <datafield tag="088" ind1=" " ind2=" ">
    <subfield code="9">CERN-VIDEO-C-192-04</subfield>
  </datafield>
  <datafield tag="088" ind1=" " ind2=" ">
    <subfield code="9">CERN-VIDEO-C-192-05</subfield>
  </datafield>
  <datafield tag="088" ind1=" " ind2=" ">
    <subfield code="9">CERN-VIDEO-C-192-06</subfield>
  </datafield>
  <datafield tag="088" ind1=" " ind2=" ">
    <subfield code="9">CERN-VIDEO-C-192-07</subfield>
  </datafield>
  <datafield tag="088" ind1=" " ind2=" ">
    <subfield code="9">CERN-VIDEO-C-192-08</subfield>
  </datafield>
  <datafield tag="088" ind1=" " ind2=" ">
    <subfield code="9">CERN-VIDEO-C-192-09</subfield>
  </datafield>
  <datafield tag="088" ind1=" " ind2=" ">
    <subfield code="9">CERN-VIDEO-C-192-10</subfield>
  </datafield>
  <datafield tag="088" ind1=" " ind2=" ">
    <subfield code="9">CERN-VIDEO-C-192-11</subfield>
  </datafield>
  <datafield tag="088" ind1=" " ind2=" ">
    <subfield code="9">CERN-VIDEO-C-192-12</subfield>
  </datafield>
  <datafield tag="088" ind1=" " ind2=" ">
    <subfield code="9">CERN-VIDEO-C-192-13</subfield>
  </datafield>
  <datafield tag="088" ind1=" " ind2=" ">
    <subfield code="9">CERN-VIDEO-C-192-14</subfield>
  </datafield>
  <datafield tag="088" ind1=" " ind2=" ">
    <subfield code="9">CERN-VIDEO-C-192-15</subfield>
  </datafield>
  <datafield tag="088" ind1=" " ind2=" ">
    <subfield code="9">CERN-VIDEO-C-192-16</subfield>
  </datafield>
  <datafield tag="088" ind1=" " ind2=" ">
    <subfield code="9">CERN-VIDEO-C-192-17</subfield>
  </datafield>
  <datafield tag="088" ind1=" " ind2=" ">
    <subfield code="9">CERN-VIDEO-C-192-18</subfield>
  </datafield>
  <datafield tag="088" ind1=" " ind2=" ">
    <subfield code="9">CERN-VIDEO-C-192-19</subfield>
  </datafield>
  <datafield tag="088" ind1=" " ind2=" ">
    <subfield code="9">CERN-VIDEO-C-192-20</subfield>
  </datafield>
  <datafield tag="088" ind1=" " ind2=" ">
    <subfield code="9">CERN-VIDEO-C-192-21</subfield>
  </datafield>
  <datafield tag="088" ind1=" " ind2=" ">
    <subfield code="9">CERN-VIDEO-C-192-22</subfield>
  </datafield>
  <datafield tag="088" ind1=" " ind2=" ">
    <subfield code="9">CERN-VIDEO-C-192-23</subfield>
  </datafield>
  <datafield tag="088" ind1=" " ind2=" ">
    <subfield code="9">CERN-VIDEO-C-192-24</subfield>
  </datafield>
  <datafield tag="088" ind1=" " ind2=" ">
    <subfield code="9">CERN-VIDEO-C-192-25</subfield>
  </datafield>
  <datafield tag="088" ind1=" " ind2=" ">
    <subfield code="9">CERN-VIDEO-C-192-26</subfield>
  </datafield>
  <datafield tag="088" ind1=" " ind2=" ">
    <subfield code="9">CERN-VIDEO-C-192-27</subfield>
  </datafield>
  <datafield tag="088" ind1=" " ind2=" ">
    <subfield code="9">CERN-VIDEO-C-192-28</subfield>
  </datafield>
  <datafield tag="088" ind1=" " ind2=" ">
    <subfield code="9">CERN-VIDEO-C-192-29</subfield>
  </datafield>
  <datafield tag="088" ind1=" " ind2=" ">
    <subfield code="9">CERN-VIDEO-C-192-30</subfield>
  </datafield>
  <datafield tag="088" ind1=" " ind2=" ">
    <subfield code="9">CERN-VIDEO-C-192-31</subfield>
  </datafield>
  <datafield tag="088" ind1=" " ind2=" ">
    <subfield code="9">CERN-VIDEO-C-192-32</subfield>
  </datafield>
  <datafield tag="088" ind1=" " ind2=" ">
    <subfield code="9">CERN-VIDEO-C-192-33</subfield>
  </datafield>
  <datafield tag="088" ind1=" " ind2=" ">
    <subfield code="9">CERN-VIDEO-C-192-34</subfield>
  </datafield>
  <datafield tag="088" ind1=" " ind2=" ">
    <subfield code="9">CERN-VIDEO-C-192-35</subfield>
  </datafield>
  <datafield tag="088" ind1=" " ind2=" ">
    <subfield code="9">CERN-VIDEO-C-192-36</subfield>
  </datafield>
  <datafield tag="088" ind1=" " ind2=" ">
    <subfield code="9">CERN-VIDEO-C-192-37</subfield>
  </datafield>
  <datafield tag="088" ind1=" " ind2=" ">
    <subfield code="9">CERN-VIDEO-C-192-38</subfield>
  </datafield>
  <datafield tag="088" ind1=" " ind2=" ">
    <subfield code="9">CERN-VIDEO-C-192-39</subfield>
  </datafield>
  <datafield tag="088" ind1=" " ind2=" ">
    <subfield code="9">CERN-VIDEO-C-192-40</subfield>
  </datafield>
  <datafield tag="100" ind1=" " ind2=" ">
    <subfield code="a">Andersen, E</subfield>
  </datafield>
  <datafield tag="100" ind1=" " ind2=" ">
    <subfield code="a">Abatzis, S</subfield>
  </datafield>
  <datafield tag="100" ind1=" " ind2=" ">
    <subfield code="a">Beker, H</subfield>
  </datafield>
  <datafield tag="100" ind1=" " ind2=" ">
    <subfield code="a">Santo, R</subfield>
  </datafield>
  <datafield tag="100" ind1=" " ind2=" ">
    <subfield code="a">Llewellyn Smith, Christopher Hubert</subfield>
  </datafield>
  <datafield tag="100" ind1=" " ind2=" ">
    <subfield code="a">Gutbrod, H H</subfield>
  </datafield>
  <datafield tag="100" ind1=" " ind2=" ">
    <subfield code="a">Quercigh, Emanuele</subfield>
    <subfield code="u">CERN</subfield>
  </datafield>
  <datafield tag="100" ind1=" " ind2=" ">
    <subfield code="a">Elze, H T</subfield>
  </datafield>
  <datafield tag="100" ind1=" " ind2=" ">
    <subfield code="a">Ellis, Jonathan Richard</subfield>
    <subfield code="u">CERN</subfield>
  </datafield>
  <datafield tag="100" ind1=" " ind2=" ">
    <subfield code="a">Veneziano, Gabriele</subfield>
  </datafield>
  <datafield tag="100" ind1=" " ind2=" ">
    <subfield code="a">Ericson, Torleif Eric Oskar</subfield>
  </datafield>
  <datafield tag="100" ind1=" " ind2=" ">
    <subfield code="a">Baacke, J</subfield>
  </datafield>
  <datafield tag="100" ind1=" " ind2=" ">
    <subfield code="a">Sinyukov, Yu M</subfield>
  </datafield>
  <datafield tag="100" ind1=" " ind2=" ">
    <subfield code="a">Buschbeck, Brigitte</subfield>
    <subfield code="u">Vienna, OAW</subfield>
  </datafield>
  <datafield tag="100" ind1=" " ind2=" ">
    <subfield code="a">Weiner, R M</subfield>
  </datafield>
  <datafield tag="100" ind1=" " ind2=" ">
    <subfield code="a">Harris, J W</subfield>
  </datafield>
  <datafield tag="100" ind1=" " ind2=" ">
    <subfield code="a">Ochs, Wolfgang</subfield>
  </datafield>
  <datafield tag="100" ind1=" " ind2=" ">
    <subfield code="a">Odyniec, Grazyna Janina</subfield>
  </datafield>
  <datafield tag="100" ind1=" " ind2=" ">
    <subfield code="a">Glendenning, N K</subfield>
  </datafield>
  <datafield tag="100" ind1=" " ind2=" ">
    <subfield code="a">Sarcevic, Ina</subfield>
    <subfield code="u">Arizona U.</subfield>
  </datafield>
  <datafield tag="100" ind1=" " ind2=" ">
    <subfield code="a">Rau, J</subfield>
  </datafield>
  <datafield tag="100" ind1=" " ind2=" ">
    <subfield code="a">Chenavskaya, O D</subfield>
  </datafield>
  <datafield tag="100" ind1=" " ind2=" ">
    <subfield code="a">Redlich, Krzysztof</subfield>
  </datafield>
  <datafield tag="100" ind1=" " ind2=" ">
    <subfield code="a">Bialas, A</subfield>
  </datafield>
  <datafield tag="100" ind1=" " ind2=" ">
    <subfield code="a">Elze, Hans-Thomas</subfield>
    <subfield code="u">CERN</subfield>
  </datafield>
  <datafield tag="100" ind1=" " ind2=" ">
    <subfield code="a">Geiger, K.</subfield>
    <subfield code="u">CERN</subfield>
  </datafield>
  <datafield tag="100" ind1=" " ind2=" ">
    <subfield code="a">Satz, Helmut</subfield>
    <subfield code="u">CERN</subfield>
    <subfield code="u">U. Bielefeld</subfield>
  </datafield>
  <datafield tag="100" ind1=" " ind2=" ">
    <subfield code="a">M\xc3\xbcller, B</subfield>
  </datafield>
  <datafield tag="100" ind1=" " ind2=" ">
    <subfield code="a">Hagedorn, Rolf</subfield>
    <subfield code="u">CERN</subfield>
  </datafield>
  <datafield tag="245" ind1=" " ind2=" ">
    <subfield code="a">NATO Advanced research Workshop</subfield>
    <subfield code="b">Hot Hadronic Matter:Theory and Experiment, 27th June to 1st July 1994</subfield>
  </datafield>
  <datafield tag="260" ind1=" " ind2=" ">
    <subfield code="a">Geneva</subfield>
    <subfield code="b">CERN</subfield>
    <subfield code="c">1994</subfield>
  </datafield>
  <datafield tag="260" ind1=" " ind2=" ">
    <subfield code="9">review</subfield>
    <subfield code="c">1994</subfield>
  </datafield>
  <datafield tag="269" ind1=" " ind2=" ">
    <subfield code="c">1994-06-27</subfield>
  </datafield>
  <datafield tag="300" ind1=" " ind2=" ">
    <subfield code="a">1 VHS video ; 60:00</subfield>
    <subfield code="b">720x576 4/3, 25</subfield>
  </datafield>
  <datafield tag="300" ind1=" " ind2=" ">
    <subfield code="2">CERN-VIDEO-C-192-01</subfield>
    <subfield code="8">01</subfield>
  </datafield>
  <datafield tag="300" ind1=" " ind2=" ">
    <subfield code="2">CERN-VIDEO-C-192-02</subfield>
    <subfield code="8">02</subfield>
  </datafield>
  <datafield tag="300" ind1=" " ind2=" ">
    <subfield code="2">CERN-VIDEO-C-192-03</subfield>
    <subfield code="8">03</subfield>
  </datafield>
  <datafield tag="300" ind1=" " ind2=" ">
    <subfield code="2">CERN-VIDEO-C-192-04</subfield>
    <subfield code="8">04</subfield>
  </datafield>
  <datafield tag="300" ind1=" " ind2=" ">
    <subfield code="2">CERN-VIDEO-C-192-05</subfield>
    <subfield code="8">05</subfield>
  </datafield>
  <datafield tag="300" ind1=" " ind2=" ">
    <subfield code="2">CERN-VIDEO-C-192-06</subfield>
    <subfield code="8">06</subfield>
  </datafield>
  <datafield tag="300" ind1=" " ind2=" ">
    <subfield code="2">CERN-VIDEO-C-192-07</subfield>
    <subfield code="8">07</subfield>
  </datafield>
  <datafield tag="300" ind1=" " ind2=" ">
    <subfield code="2">CERN-VIDEO-C-192-08</subfield>
    <subfield code="8">08</subfield>
  </datafield>
  <datafield tag="300" ind1=" " ind2=" ">
    <subfield code="2">CERN-VIDEO-C-192-09</subfield>
    <subfield code="8">09</subfield>
  </datafield>
  <datafield tag="300" ind1=" " ind2=" ">
    <subfield code="2">CERN-VIDEO-C-192-10</subfield>
    <subfield code="8">10</subfield>
  </datafield>
  <datafield tag="300" ind1=" " ind2=" ">
    <subfield code="2">CERN-VIDEO-C-192-11</subfield>
    <subfield code="8">11</subfield>
  </datafield>
  <datafield tag="300" ind1=" " ind2=" ">
    <subfield code="2">CERN-VIDEO-C-192-12</subfield>
    <subfield code="8">12</subfield>
  </datafield>
  <datafield tag="300" ind1=" " ind2=" ">
    <subfield code="2">CERN-VIDEO-C-192-13</subfield>
    <subfield code="8">13</subfield>
  </datafield>
  <datafield tag="300" ind1=" " ind2=" ">
    <subfield code="2">CERN-VIDEO-C-192-14</subfield>
    <subfield code="8">14</subfield>
  </datafield>
  <datafield tag="300" ind1=" " ind2=" ">
    <subfield code="2">CERN-VIDEO-C-192-15</subfield>
    <subfield code="8">15</subfield>
  </datafield>
  <datafield tag="300" ind1=" " ind2=" ">
    <subfield code="2">CERN-VIDEO-C-192-16</subfield>
    <subfield code="8">16</subfield>
  </datafield>
  <datafield tag="300" ind1=" " ind2=" ">
    <subfield code="2">CERN-VIDEO-C-192-17</subfield>
    <subfield code="8">17</subfield>
  </datafield>
  <datafield tag="300" ind1=" " ind2=" ">
    <subfield code="2">CERN-VIDEO-C-192-18</subfield>
    <subfield code="8">18</subfield>
  </datafield>
  <datafield tag="300" ind1=" " ind2=" ">
    <subfield code="2">CERN-VIDEO-C-192-19</subfield>
    <subfield code="8">19</subfield>
  </datafield>
  <datafield tag="300" ind1=" " ind2=" ">
    <subfield code="2">CERN-VIDEO-C-192-20</subfield>
    <subfield code="8">20</subfield>
  </datafield>
  <datafield tag="300" ind1=" " ind2=" ">
    <subfield code="2">CERN-VIDEO-C-192-21</subfield>
    <subfield code="8">21</subfield>
  </datafield>
  <datafield tag="300" ind1=" " ind2=" ">
    <subfield code="2">CERN-VIDEO-C-192-22</subfield>
    <subfield code="8">22</subfield>
  </datafield>
  <datafield tag="300" ind1=" " ind2=" ">
    <subfield code="2">CERN-VIDEO-C-192-23</subfield>
    <subfield code="8">23</subfield>
  </datafield>
  <datafield tag="300" ind1=" " ind2=" ">
    <subfield code="2">CERN-VIDEO-C-192-24</subfield>
    <subfield code="8">24</subfield>
  </datafield>
  <datafield tag="300" ind1=" " ind2=" ">
    <subfield code="2">CERN-VIDEO-C-192-25</subfield>
    <subfield code="8">25</subfield>
  </datafield>
  <datafield tag="300" ind1=" " ind2=" ">
    <subfield code="2">CERN-VIDEO-C-192-26</subfield>
    <subfield code="8">26</subfield>
  </datafield>
  <datafield tag="300" ind1=" " ind2=" ">
    <subfield code="2">CERN-VIDEO-C-192-27</subfield>
    <subfield code="8">27</subfield>
  </datafield>
  <datafield tag="300" ind1=" " ind2=" ">
    <subfield code="2">CERN-VIDEO-C-192-28</subfield>
    <subfield code="8">28</subfield>
  </datafield>
  <datafield tag="300" ind1=" " ind2=" ">
    <subfield code="2">CERN-VIDEO-C-192-29</subfield>
    <subfield code="8">29</subfield>
  </datafield>
  <datafield tag="300" ind1=" " ind2=" ">
    <subfield code="2">CERN-VIDEO-C-192-30</subfield>
    <subfield code="8">30</subfield>
  </datafield>
  <datafield tag="300" ind1=" " ind2=" ">
    <subfield code="2">CERN-VIDEO-C-192-31</subfield>
    <subfield code="8">31</subfield>
  </datafield>
  <datafield tag="300" ind1=" " ind2=" ">
    <subfield code="2">CERN-VIDEO-C-192-32</subfield>
    <subfield code="8">32</subfield>
  </datafield>
  <datafield tag="300" ind1=" " ind2=" ">
    <subfield code="2">CERN-VIDEO-C-192-33</subfield>
    <subfield code="8">33</subfield>
  </datafield>
  <datafield tag="300" ind1=" " ind2=" ">
    <subfield code="2">CERN-VIDEO-C-192-34</subfield>
    <subfield code="8">34</subfield>
  </datafield>
  <datafield tag="300" ind1=" " ind2=" ">
    <subfield code="2">CERN-VIDEO-C-192-35</subfield>
    <subfield code="8">35</subfield>
  </datafield>
  <datafield tag="300" ind1=" " ind2=" ">
    <subfield code="2">CERN-VIDEO-C-192-36</subfield>
    <subfield code="8">36</subfield>
  </datafield>
  <datafield tag="300" ind1=" " ind2=" ">
    <subfield code="2">CERN-VIDEO-C-192-37</subfield>
    <subfield code="8">37</subfield>
  </datafield>
  <datafield tag="300" ind1=" " ind2=" ">
    <subfield code="2">CERN-VIDEO-C-192-38</subfield>
    <subfield code="8">38</subfield>
  </datafield>
  <datafield tag="300" ind1=" " ind2=" ">
    <subfield code="2">CERN-VIDEO-C-192-39</subfield>
    <subfield code="8">39</subfield>
  </datafield>
  <datafield tag="300" ind1=" " ind2=" ">
    <subfield code="2">CERN-VIDEO-C-192-40</subfield>
    <subfield code="8">40</subfield>
  </datafield>
  <datafield tag="337" ind1=" " ind2=" ">
    <subfield code="a">Video</subfield>
  </datafield>
  <datafield tag="340" ind1=" " ind2=" ">
    <subfield code="8">01</subfield>
    <subfield code="9">Hagedorn</subfield>
    <subfield code="a">U-Matic</subfield>
    <subfield code="j">Master</subfield>
    <subfield code="k">19940627</subfield>
  </datafield>
  <datafield tag="340" ind1=" " ind2=" ">
    <subfield code="8">02</subfield>
    <subfield code="9">Frautschi</subfield>
    <subfield code="a">U-Matic</subfield>
    <subfield code="j">Master</subfield>
    <subfield code="k">19940627</subfield>
  </datafield>
  <datafield tag="340" ind1=" " ind2=" ">
    <subfield code="8">03</subfield>
    <subfield code="9">Sertorio</subfield>
    <subfield code="a">U-Matic</subfield>
    <subfield code="j">Master</subfield>
    <subfield code="k">19940627</subfield>
  </datafield>
  <datafield tag="340" ind1=" " ind2=" ">
    <subfield code="8">04</subfield>
    <subfield code="9">Tounsi</subfield>
    <subfield code="a">U-Matic</subfield>
    <subfield code="j">Master</subfield>
    <subfield code="k">19940627</subfield>
  </datafield>
  <datafield tag="340" ind1=" " ind2=" ">
    <subfield code="8">05</subfield>
    <subfield code="9">Turko</subfield>
    <subfield code="a">U-Matic</subfield>
    <subfield code="j">Master</subfield>
    <subfield code="k">19940627</subfield>
  </datafield>
  <datafield tag="340" ind1=" " ind2=" ">
    <subfield code="8">06</subfield>
    <subfield code="9">Veneziano-Baacke</subfield>
    <subfield code="a">U-Matic</subfield>
    <subfield code="j">Master</subfield>
    <subfield code="k">19940627</subfield>
  </datafield>
  <datafield tag="340" ind1=" " ind2=" ">
    <subfield code="8">07</subfield>
    <subfield code="9">Reinfelds</subfield>
    <subfield code="a">U-Matic</subfield>
    <subfield code="j">Master</subfield>
    <subfield code="k">19940627</subfield>
  </datafield>
  <datafield tag="340" ind1=" " ind2=" ">
    <subfield code="8">08</subfield>
    <subfield code="9">Omnes</subfield>
    <subfield code="a">U-Matic</subfield>
    <subfield code="j">Master</subfield>
    <subfield code="k">19940628</subfield>
  </datafield>
  <datafield tag="340" ind1=" " ind2=" ">
    <subfield code="8">09</subfield>
    <subfield code="9">Muller-Elze</subfield>
    <subfield code="a">U-Matic</subfield>
    <subfield code="j">Master</subfield>
    <subfield code="k">19940628</subfield>
  </datafield>
  <datafield tag="340" ind1=" " ind2=" ">
    <subfield code="8">10</subfield>
    <subfield code="9">Rau-Letessier</subfield>
    <subfield code="a">U-Matic</subfield>
    <subfield code="j">Master</subfield>
    <subfield code="k">19940628</subfield>
  </datafield>
  <datafield tag="340" ind1=" " ind2=" ">
    <subfield code="8">11</subfield>
    <subfield code="9">Geiger-Carrthers-Remarks</subfield>
    <subfield code="a">U-Matic</subfield>
    <subfield code="j">Master</subfield>
    <subfield code="k">19940628</subfield>
  </datafield>
  <datafield tag="340" ind1=" " ind2=" ">
    <subfield code="8">12</subfield>
    <subfield code="9">Heinz-Steadman</subfield>
    <subfield code="a">U-Matic</subfield>
    <subfield code="j">Master</subfield>
    <subfield code="k">19940628</subfield>
  </datafield>
  <datafield tag="340" ind1=" " ind2=" ">
    <subfield code="8">13</subfield>
    <subfield code="9">Stachel-Santo</subfield>
    <subfield code="a">U-Matic</subfield>
    <subfield code="j">Master</subfield>
    <subfield code="k">19940628</subfield>
  </datafield>
  <datafield tag="340" ind1=" " ind2=" ">
    <subfield code="8">14</subfield>
    <subfield code="9">Drapier-Chattopadhyay</subfield>
    <subfield code="a">U-Matic</subfield>
    <subfield code="j">Master</subfield>
    <subfield code="k">19940628</subfield>
  </datafield>
  <datafield tag="340" ind1=" " ind2=" ">
    <subfield code="8">15</subfield>
    <subfield code="9">Redlich</subfield>
    <subfield code="a">U-Matic</subfield>
    <subfield code="j">Master</subfield>
    <subfield code="k">19940628</subfield>
  </datafield>
  <datafield tag="340" ind1=" " ind2=" ">
    <subfield code="8">16</subfield>
    <subfield code="9">Omnes</subfield>
    <subfield code="a">U-Matic</subfield>
    <subfield code="j">Master</subfield>
    <subfield code="k">19940628</subfield>
  </datafield>
  <datafield tag="340" ind1=" " ind2=" ">
    <subfield code="8">17</subfield>
    <subfield code="9">Discussion</subfield>
    <subfield code="a">U-Matic</subfield>
    <subfield code="j">Master</subfield>
    <subfield code="k">19940629</subfield>
  </datafield>
  <datafield tag="340" ind1=" " ind2=" ">
    <subfield code="8">18</subfield>
    <subfield code="9">Buschbek-Derado-Tannenbaum</subfield>
    <subfield code="a">U-Matic</subfield>
    <subfield code="j">Master</subfield>
    <subfield code="k">19940629</subfield>
  </datafield>
  <datafield tag="340" ind1=" " ind2=" ">
    <subfield code="8">19</subfield>
    <subfield code="9">Ochs-Sarcevic-Hwa</subfield>
    <subfield code="a">U-Matic</subfield>
    <subfield code="j">Master</subfield>
    <subfield code="k">19940629</subfield>
  </datafield>
  <datafield tag="340" ind1=" " ind2=" ">
    <subfield code="8">20</subfield>
    <subfield code="9">Meunier-Sinyukov-Weiner-Lipa</subfield>
    <subfield code="a">U-Matic</subfield>
    <subfield code="j">Master</subfield>
    <subfield code="k">19940629</subfield>
  </datafield>
  <datafield tag="340" ind1=" " ind2=" ">
    <subfield code="8">21</subfield>
    <subfield code="9">Bialas-Hakim</subfield>
    <subfield code="a">U-Matic</subfield>
    <subfield code="j">Master</subfield>
    <subfield code="k">19940629</subfield>
  </datafield>
  <datafield tag="340" ind1=" " ind2=" ">
    <subfield code="8">22</subfield>
    <subfield code="9">Hagedorn</subfield>
    <subfield code="a">U-Matic</subfield>
    <subfield code="j">Master</subfield>
    <subfield code="k">19940629</subfield>
  </datafield>
  <datafield tag="340" ind1=" " ind2=" ">
    <subfield code="8">23</subfield>
    <subfield code="9">Celik</subfield>
    <subfield code="a">U-Matic</subfield>
    <subfield code="j">Master</subfield>
    <subfield code="k">19940629</subfield>
  </datafield>
  <datafield tag="340" ind1=" " ind2=" ">
    <subfield code="8">24</subfield>
    <subfield code="9">Bo-Sture</subfield>
    <subfield code="a">U-Matic</subfield>
    <subfield code="j">Master</subfield>
    <subfield code="k">19940629</subfield>
  </datafield>
  <datafield tag="340" ind1=" " ind2=" ">
    <subfield code="8">25</subfield>
    <subfield code="9">Ellis</subfield>
    <subfield code="a">U-Matic</subfield>
    <subfield code="j">Master</subfield>
    <subfield code="k">19940629</subfield>
  </datafield>
  <datafield tag="340" ind1=" " ind2=" ">
    <subfield code="8">26</subfield>
    <subfield code="9">Round-Table-Rafelski</subfield>
    <subfield code="a">U-Matic</subfield>
    <subfield code="j">Master</subfield>
    <subfield code="k">19940630</subfield>
  </datafield>
  <datafield tag="340" ind1=" " ind2=" ">
    <subfield code="8">27</subfield>
    <subfield code="9">Odyniec-Cleymans</subfield>
    <subfield code="a">U-Matic</subfield>
    <subfield code="j">Master</subfield>
    <subfield code="k">19940630</subfield>
  </datafield>
  <datafield tag="340" ind1=" " ind2=" ">
    <subfield code="8">28</subfield>
    <subfield code="9">Gazdzicki</subfield>
    <subfield code="a">U-Matic</subfield>
    <subfield code="j">Master</subfield>
    <subfield code="k">19940630</subfield>
  </datafield>
  <datafield tag="340" ind1=" " ind2=" ">
    <subfield code="8">29</subfield>
    <subfield code="9">Antinori-Geist-Rohringer</subfield>
    <subfield code="a">U-Matic</subfield>
    <subfield code="j">Master</subfield>
    <subfield code="k">19940630</subfield>
  </datafield>
  <datafield tag="340" ind1=" " ind2=" ">
    <subfield code="8">30</subfield>
    <subfield code="9">Sullivan</subfield>
    <subfield code="a">U-Matic</subfield>
    <subfield code="j">Master</subfield>
    <subfield code="k">19940630</subfield>
  </datafield>
  <datafield tag="340" ind1=" " ind2=" ">
    <subfield code="8">31</subfield>
    <subfield code="9">Rafelsky</subfield>
    <subfield code="a">U-Matic</subfield>
    <subfield code="j">Master</subfield>
    <subfield code="k">19940630</subfield>
  </datafield>
  <datafield tag="340" ind1=" " ind2=" ">
    <subfield code="8">32</subfield>
    <subfield code="9">Glendenning</subfield>
    <subfield code="a">U-Matic</subfield>
    <subfield code="j">Master</subfield>
    <subfield code="k">19940630</subfield>
  </datafield>
  <datafield tag="340" ind1=" " ind2=" ">
    <subfield code="8">33</subfield>
    <subfield code="9">Jones-Taylor</subfield>
    <subfield code="a">U-Matic</subfield>
    <subfield code="j">Master</subfield>
    <subfield code="k">19940630</subfield>
  </datafield>
  <datafield tag="340" ind1=" " ind2=" ">
    <subfield code="8">34</subfield>
    <subfield code="9">Feinberg</subfield>
    <subfield code="a">U-Matic</subfield>
    <subfield code="j">Master</subfield>
    <subfield code="k">19940630</subfield>
  </datafield>
  <datafield tag="340" ind1=" " ind2=" ">
    <subfield code="8">35</subfield>
    <subfield code="9">Specht</subfield>
    <subfield code="a">U-Matic</subfield>
    <subfield code="j">Master</subfield>
    <subfield code="k">19940701</subfield>
  </datafield>
  <datafield tag="340" ind1=" " ind2=" ">
    <subfield code="8">36</subfield>
    <subfield code="9">Stock</subfield>
    <subfield code="a">U-Matic</subfield>
    <subfield code="j">Master</subfield>
    <subfield code="k">19940701</subfield>
  </datafield>
  <datafield tag="340" ind1=" " ind2=" ">
    <subfield code="8">37</subfield>
    <subfield code="9">Quercigh-Harris</subfield>
    <subfield code="a">U-Matic</subfield>
    <subfield code="j">Master</subfield>
    <subfield code="k">19940701</subfield>
  </datafield>
  <datafield tag="340" ind1=" " ind2=" ">
    <subfield code="8">38</subfield>
    <subfield code="9">Satz-Gutbrod</subfield>
    <subfield code="a">U-Matic</subfield>
    <subfield code="j">Master</subfield>
    <subfield code="k">19940701</subfield>
  </datafield>
  <datafield tag="340" ind1=" " ind2=" ">
    <subfield code="8">39</subfield>
    <subfield code="9">Llewellyn-Smith</subfield>
    <subfield code="a">U-Matic</subfield>
    <subfield code="j">Master</subfield>
    <subfield code="k">19940701</subfield>
  </datafield>
  <datafield tag="340" ind1=" " ind2=" ">
    <subfield code="8">40</subfield>
    <subfield code="9">Llewellyn-Smith</subfield>
    <subfield code="a">U-Matic</subfield>
    <subfield code="j">Master</subfield>
    <subfield code="k">19940701</subfield>
  </datafield>
  <datafield tag="490" ind1=" " ind2=" ">
    <subfield code="a">Lectures</subfield>
  </datafield>
  <datafield tag="500" ind1=" " ind2=" ">
    <subfield code="a">VHS not held by the CERN library</subfield>
  </datafield>
  <datafield tag="500" ind1=" " ind2=" ">
    <subfield code="a">The video was digitized from its original recording as part of the CERN Digital Memory project</subfield>
  </datafield>
  <datafield tag="514" ind1=" " ind2=" ">
    <subfield code="8">10</subfield>
    <subfield code="a">Audio present but not on all channels -</subfield>
  </datafield>
  <datafield tag="514" ind1=" " ind2=" ">
    <subfield code="8">21</subfield>
    <subfield code="a">Low RF, noisy picture -</subfield>
  </datafield>
  <datafield tag="514" ind1=" " ind2=" ">
    <subfield code="8">22</subfield>
    <subfield code="a">Low RF, noisy picture -</subfield>
  </datafield>
  <datafield tag="514" ind1=" " ind2=" ">
    <subfield code="8">27</subfield>
    <subfield code="a">Low RF, noisy picture -</subfield>
  </datafield>
  <datafield tag="514" ind1=" " ind2=" ">
    <subfield code="8">33</subfield>
    <subfield code="a">Low RF, noisy picture -</subfield>
  </datafield>
  <datafield tag="514" ind1=" " ind2=" ">
    <subfield code="8">38</subfield>
    <subfield code="a">Low RF, noisy picture -</subfield>
  </datafield>
  <datafield tag="514" ind1=" " ind2=" ">
    <subfield code="8">8</subfield>
    <subfield code="a">Audio present but not on all channels -</subfield>
  </datafield>
  <datafield tag="514" ind1=" " ind2=" ">
    <subfield code="8">23</subfield>
    <subfield code="a">Audio present but not on all channels -  Low audio level - poor quality - out of phase -  Low RF, noisy picture -  No Audio Right Channel (silence) -</subfield>
  </datafield>
  <datafield tag="514" ind1=" " ind2=" ">
    <subfield code="8">6</subfield>
    <subfield code="a">Audio present but not on all channels -  No Audio Right Channel (silence) -</subfield>
  </datafield>
  <datafield tag="514" ind1=" " ind2=" ">
    <subfield code="8">5</subfield>
    <subfield code="a">Audio present but not on all channels -  Low audio level - poor quality - out of phase -  Low RF, noisy picture -  No Audio Right Channel (silence) -</subfield>
  </datafield>
  <datafield tag="518" ind1=" " ind2=" ">
    <subfield code="a">Le Grand H\xc3\xb4tel, Divonne-Les-Bains. 27 Jun 1994 to 1 Jul 1994</subfield>
  </datafield>
  <datafield tag="520" ind1=" " ind2=" ">
    <subfield code="8">10</subfield>
    <subfield code="9">review</subfield>
    <subfield code="a">Conference on the hot hadronic matter, collisions and particle creation</subfield>
  </datafield>
  <datafield tag="540" ind1=" " ind2=" ">
    <subfield code="a">CC-BY-4.0</subfield>
  </datafield>
  <datafield tag="542" ind1=" " ind2=" ">
    <subfield code="d">CERN</subfield>
    <subfield code="g">1994</subfield>
  </datafield>
  <datafield tag="542" ind1="1" ind2=" ">
    <subfield code="9">review</subfield>
    <subfield code="d">CERN</subfield>
    <subfield code="g">1994</subfield>
  </datafield>
  <datafield tag="583" ind1="1" ind2=" ">
    <subfield code="2">pda</subfield>
    <subfield code="3">U-Matic SP</subfield>
    <subfield code="5">SzGeCERN</subfield>
    <subfield code="6">WEEK02-public</subfield>
    <subfield code="8">10</subfield>
    <subfield code="a">digitized</subfield>
    <subfield code="b">C1V1: Composite\tSignal - U-Matic,\xc2\xa0U-Matic SP,\xc2\xa0VHS, 1 inch C, 1 inch B, Video , Betamax</subfield>
    <subfield code="c">20171221</subfield>
    <subfield code="f">CERN Digital Memory Project</subfield>
    <subfield code="f">public</subfield>
    <subfield code="i">CREATE-MARC-run20180622_170151</subfield>
    <subfield code="k">PICTURAE</subfield>
    <subfield code="l">CERN-Video-C-192-10</subfield>
    <subfield code="u">https://cds.cern.ch/record/2257246</subfield>
    <subfield code="x">- VISUAL INSPECTION TABLE timing: from 20/12/2017 12:14 to 20/12/2017 12:14 -
 - RTI VT 3100 timing: from 20/12/2017 12:14 to 20/12/2017 12:14 -
 - MAC-V025 timing: from 20/12/2017 12:25 to 20/12/2017 13:22 -
 - MANUAL QC GEN timing: from 21/12/2017 22:00 to 21/12/2017 22:00 -
 - FILE_PRESENCE timing: from 21/12/2017 22:00 to 21/12/2017 22:00 -</subfield>
    <subfield code="z">- VISUAL INSPECTION TABLE of U-Matic SP () true  - 
 - RTI VT 3100 of U-Matic SP () true  - 
 - MAC-V025 of U-Matic SP () true Audio present but not on all channels - 
 - MANUAL QC GEN of U-Matic SP () true  - 
 - FILE_PRESENCE of U-Matic SP () true  -</subfield>
  </datafield>
  <datafield tag="583" ind1="1" ind2=" ">
    <subfield code="2">pda</subfield>
    <subfield code="3">U-Matic SP</subfield>
    <subfield code="5">SzGeCERN</subfield>
    <subfield code="6">WEEK02-public</subfield>
    <subfield code="8">12</subfield>
    <subfield code="a">digitized</subfield>
    <subfield code="b">C1V1: Composite\tSignal - U-Matic,\xc2\xa0U-Matic SP,\xc2\xa0VHS, 1 inch C, 1 inch B, Video , Betamax</subfield>
    <subfield code="c">20171220</subfield>
    <subfield code="f">CERN Digital Memory Project</subfield>
    <subfield code="f">public</subfield>
    <subfield code="i">CREATE-MARC-run20180622_170151</subfield>
    <subfield code="k">PICTURAE</subfield>
    <subfield code="l">CERN-Video-C-192-12</subfield>
    <subfield code="u">https://cds.cern.ch/record/2257246</subfield>
    <subfield code="x">- VISUAL INSPECTION TABLE timing: from 18/12/2017 14:40 to 18/12/2017 14:40 -
 - RTI VT 3100 timing: from 18/12/2017 14:40 to 18/12/2017 14:41 -
 - MAC-V026 timing: from 20/12/2017 08:34 to 20/12/2017 09:57 -
 - MANUAL QC GEN timing: from 20/12/2017 23:50 to 20/12/2017 23:50 -
 - FILE_PRESENCE timing: from 20/12/2017 23:50 to 20/12/2017 23:50 -</subfield>
    <subfield code="z">- VISUAL INSPECTION TABLE of U-Matic SP () true  - 
 - RTI VT 3100 of U-Matic SP () true  - 
 - MAC-V026 of U-Matic SP () true  - 
 - MANUAL QC GEN of U-Matic SP () true  - 
 - FILE_PRESENCE of U-Matic SP () true  -</subfield>
  </datafield>
  <datafield tag="583" ind1="1" ind2=" ">
    <subfield code="2">pda</subfield>
    <subfield code="3">U-Matic SP</subfield>
    <subfield code="5">SzGeCERN</subfield>
    <subfield code="6">WEEK02-public</subfield>
    <subfield code="8">13</subfield>
    <subfield code="a">digitized</subfield>
    <subfield code="b">C1V1: Composite\tSignal - U-Matic,\xc2\xa0U-Matic SP,\xc2\xa0VHS, 1 inch C, 1 inch B, Video , Betamax</subfield>
    <subfield code="c">20171221</subfield>
    <subfield code="f">CERN Digital Memory Project</subfield>
    <subfield code="f">public</subfield>
    <subfield code="i">CREATE-MARC-run20180622_170151</subfield>
    <subfield code="k">PICTURAE</subfield>
    <subfield code="l">CERN-Video-C-192-13</subfield>
    <subfield code="u">https://cds.cern.ch/record/2257246</subfield>
    <subfield code="x">- VISUAL INSPECTION TABLE timing: from 18/12/2017 14:40 to 18/12/2017 14:40 -
 - RTI VT 3100 timing: from 18/12/2017 14:40 to 18/12/2017 14:41 -
 - MAC-V025 timing: from 20/12/2017 10:00 to 20/12/2017 11:02 -
 - MANUAL QC GEN timing: from 21/12/2017 22:15 to 21/12/2017 22:15 -
 - FILE_PRESENCE timing: from 21/12/2017 22:15 to 21/12/2017 22:15 -</subfield>
    <subfield code="z">- VISUAL INSPECTION TABLE of U-Matic SP () true  - 
 - RTI VT 3100 of U-Matic SP () true  - 
 - MAC-V025 of U-Matic SP () true  - 
 - MANUAL QC GEN of U-Matic SP () true  - 
 - FILE_PRESENCE of U-Matic SP () true  -</subfield>
  </datafield>
  <datafield tag="583" ind1="1" ind2=" ">
    <subfield code="2">pda</subfield>
    <subfield code="3">U-Matic SP</subfield>
    <subfield code="5">SzGeCERN</subfield>
    <subfield code="6">WEEK02-public</subfield>
    <subfield code="8">14</subfield>
    <subfield code="a">digitized</subfield>
    <subfield code="b">C1V1: Composite\tSignal - U-Matic,\xc2\xa0U-Matic SP,\xc2\xa0VHS, 1 inch C, 1 inch B, Video , Betamax</subfield>
    <subfield code="c">20171220</subfield>
    <subfield code="f">CERN Digital Memory Project</subfield>
    <subfield code="f">public</subfield>
    <subfield code="i">CREATE-MARC-run20180622_170151</subfield>
    <subfield code="k">PICTURAE</subfield>
    <subfield code="l">CERN-Video-C-192-14</subfield>
    <subfield code="u">https://cds.cern.ch/record/2257246</subfield>
    <subfield code="x">- VISUAL INSPECTION TABLE timing: from 18/12/2017 10:20 to 18/12/2017 10:20 -
 - RTI VT 3100 timing: from 18/12/2017 10:20 to 18/12/2017 10:27 -
 - MAC-V022 timing: from 18/12/2017 10:30 to 18/12/2017 11:19 -
 - MANUAL QC GEN timing: from 20/12/2017 23:52 to 20/12/2017 23:52 -
 - FILE_PRESENCE timing: from 20/12/2017 23:52 to 20/12/2017 23:52 -</subfield>
    <subfield code="z">- VISUAL INSPECTION TABLE of U-Matic SP () true  - 
 - RTI VT 3100 of U-Matic SP () true  - 
 - MAC-V022 of U-Matic SP () true  - 
 - MANUAL QC GEN of U-Matic SP () true  - 
 - FILE_PRESENCE of U-Matic SP () true  -</subfield>
  </datafield>
  <datafield tag="583" ind1="1" ind2=" ">
    <subfield code="2">pda</subfield>
    <subfield code="3">U-Matic SP</subfield>
    <subfield code="5">SzGeCERN</subfield>
    <subfield code="6">WEEK02-public</subfield>
    <subfield code="8">15</subfield>
    <subfield code="a">digitized</subfield>
    <subfield code="b">C1V1: Composite\tSignal - U-Matic,\xc2\xa0U-Matic SP,\xc2\xa0VHS, 1 inch C, 1 inch B, Video , Betamax</subfield>
    <subfield code="c">20171220</subfield>
    <subfield code="f">CERN Digital Memory Project</subfield>
    <subfield code="f">public</subfield>
    <subfield code="i">CREATE-MARC-run20180622_170151</subfield>
    <subfield code="k">PICTURAE</subfield>
    <subfield code="l">CERN-Video-C-192-15</subfield>
    <subfield code="u">https://cds.cern.ch/record/2257246</subfield>
    <subfield code="x">- VISUAL INSPECTION TABLE timing: from 18/12/2017 10:27 to 18/12/2017 10:27 -
 - RTI VT 3100 timing: from 18/12/2017 10:27 to 18/12/2017 10:42 -
 - MAC-V024 timing: from 18/12/2017 10:42 to 18/12/2017 11:20 -
 - MANUAL QC GEN timing: from 20/12/2017 20:48 to 20/12/2017 20:48 -
 - FILE_PRESENCE timing: from 20/12/2017 20:48 to 20/12/2017 20:48 -
 - MANUAL QC GEN timing: from 20/12/2017 21:10 to 20/12/2017 21:10 -
 - FILE_PRESENCE timing: from 20/12/2017 21:10 to 20/12/2017 21:10 -</subfield>
    <subfield code="z">- VISUAL INSPECTION TABLE of U-Matic SP () true  - 
 - RTI VT 3100 of U-Matic SP () true  - 
 - MAC-V024 of U-Matic SP () true  - 
 - MANUAL QC GEN of U-Matic SP () true  - 
 - FILE_PRESENCE of U-Matic SP () true  - 
 - MANUAL QC GEN of U-Matic SP () true  - 
 - FILE_PRESENCE of U-Matic SP () true  -</subfield>
  </datafield>
  <datafield tag="583" ind1="1" ind2=" ">
    <subfield code="2">pda</subfield>
    <subfield code="3">U-Matic SP</subfield>
    <subfield code="5">SzGeCERN</subfield>
    <subfield code="6">WEEK02-public</subfield>
    <subfield code="8">16</subfield>
    <subfield code="a">digitized</subfield>
    <subfield code="b">C1V1: Composite\tSignal - U-Matic,\xc2\xa0U-Matic SP,\xc2\xa0VHS, 1 inch C, 1 inch B, Video , Betamax</subfield>
    <subfield code="c">20171221</subfield>
    <subfield code="f">CERN Digital Memory Project</subfield>
    <subfield code="f">public</subfield>
    <subfield code="i">CREATE-MARC-run20180622_170151</subfield>
    <subfield code="k">PICTURAE</subfield>
    <subfield code="l">CERN-Video-C-192-16</subfield>
    <subfield code="u">https://cds.cern.ch/record/2257246</subfield>
    <subfield code="x">- VISUAL INSPECTION TABLE timing: from 18/12/2017 10:19 to 18/12/2017 10:19 -
 - RTI VT 3100 timing: from 18/12/2017 10:19 to 18/12/2017 10:19 -
 - MAC-V022 timing: from 18/12/2017 12:34 to 18/12/2017 13:20 -
 - MANUAL QC GEN timing: from 21/12/2017 00:09 to 21/12/2017 00:09 -
 - FILE_PRESENCE timing: from 21/12/2017 00:09 to 21/12/2017 00:09 -</subfield>
    <subfield code="z">- VISUAL INSPECTION TABLE of U-Matic SP () true  - 
 - RTI VT 3100 of U-Matic SP () true  - 
 - MAC-V022 of U-Matic SP () true  - 
 - MANUAL QC GEN of U-Matic SP () true  - 
 - FILE_PRESENCE of U-Matic SP () true  -</subfield>
  </datafield>
  <datafield tag="583" ind1="1" ind2=" ">
    <subfield code="2">pda</subfield>
    <subfield code="3">U-Matic SP</subfield>
    <subfield code="5">SzGeCERN</subfield>
    <subfield code="6">WEEK02-public</subfield>
    <subfield code="8">17</subfield>
    <subfield code="a">digitized</subfield>
    <subfield code="b">C1V1: Composite\tSignal - U-Matic,\xc2\xa0U-Matic SP,\xc2\xa0VHS, 1 inch C, 1 inch B, Video , Betamax</subfield>
    <subfield code="c">20171220</subfield>
    <subfield code="f">CERN Digital Memory Project</subfield>
    <subfield code="f">public</subfield>
    <subfield code="i">CREATE-MARC-run20180622_170151</subfield>
    <subfield code="k">PICTURAE</subfield>
    <subfield code="l">CERN-Video-C-192-17</subfield>
    <subfield code="u">https://cds.cern.ch/record/2257246</subfield>
    <subfield code="x">- VISUAL INSPECTION TABLE timing: from 18/12/2017 09:55 to 18/12/2017 09:55 -
 - RTI VT 3100 timing: from 18/12/2017 09:56 to 18/12/2017 10:04 -
 - MAC-V021 timing: from 18/12/2017 10:04 to 18/12/2017 11:01 -
 - MANUAL QC GEN timing: from 20/12/2017 21:20 to 20/12/2017 21:20 -
 - FILE_PRESENCE timing: from 20/12/2017 21:20 to 20/12/2017 21:20 -</subfield>
    <subfield code="z">- VISUAL INSPECTION TABLE of U-Matic SP () true  - 
 - RTI VT 3100 of U-Matic SP () true  - 
 - MAC-V021 of U-Matic SP () true  - 
 - MANUAL QC GEN of U-Matic SP () true  - 
 - FILE_PRESENCE of U-Matic SP () true  -</subfield>
  </datafield>
  <datafield tag="583" ind1="1" ind2=" ">
    <subfield code="2">pda</subfield>
    <subfield code="3">U-Matic SP</subfield>
    <subfield code="5">SzGeCERN</subfield>
    <subfield code="6">WEEK02-public</subfield>
    <subfield code="8">18</subfield>
    <subfield code="a">digitized</subfield>
    <subfield code="b">C1V1: Composite\tSignal - U-Matic,\xc2\xa0U-Matic SP,\xc2\xa0VHS, 1 inch C, 1 inch B, Video , Betamax</subfield>
    <subfield code="c">20171220</subfield>
    <subfield code="f">CERN Digital Memory Project</subfield>
    <subfield code="f">public</subfield>
    <subfield code="i">CREATE-MARC-run20180622_170151</subfield>
    <subfield code="k">PICTURAE</subfield>
    <subfield code="l">CERN-Video-C-192-18</subfield>
    <subfield code="u">https://cds.cern.ch/record/2257246</subfield>
    <subfield code="x">- VISUAL INSPECTION TABLE timing: from 18/12/2017 09:49 to 18/12/2017 09:49 -
 - RTI VT 3100 timing: from 18/12/2017 09:49 to 18/12/2017 09:55 -
 - MAC-V021 timing: from 18/12/2017 13:01 to 18/12/2017 15:09 -
 - MANUAL QC GEN timing: from 20/12/2017 21:56 to 20/12/2017 21:56 -
 - FILE_PRESENCE timing: from 20/12/2017 21:56 to 20/12/2017 21:56 -</subfield>
    <subfield code="z">- VISUAL INSPECTION TABLE of U-Matic SP () true  - 
 - RTI VT 3100 of U-Matic SP () true  - 
 - MAC-V021 of U-Matic SP () true  - 
 - MANUAL QC GEN of U-Matic SP () true  - 
 - FILE_PRESENCE of U-Matic SP () true  -</subfield>
  </datafield>
  <datafield tag="583" ind1="1" ind2=" ">
    <subfield code="2">pda</subfield>
    <subfield code="3">U-Matic SP</subfield>
    <subfield code="5">SzGeCERN</subfield>
    <subfield code="6">WEEK02-public</subfield>
    <subfield code="8">19</subfield>
    <subfield code="a">digitized</subfield>
    <subfield code="b">C1V1: Composite\tSignal - U-Matic,\xc2\xa0U-Matic SP,\xc2\xa0VHS, 1 inch C, 1 inch B, Video , Betamax</subfield>
    <subfield code="c">20171221</subfield>
    <subfield code="f">CERN Digital Memory Project</subfield>
    <subfield code="f">public</subfield>
    <subfield code="i">CREATE-MARC-run20180622_170151</subfield>
    <subfield code="k">PICTURAE</subfield>
    <subfield code="l">CERN-Video-C-192-19</subfield>
    <subfield code="u">https://cds.cern.ch/record/2257246</subfield>
    <subfield code="x">- VISUAL INSPECTION TABLE timing: from 18/12/2017 09:44 to 18/12/2017 09:44 -
 - RTI VT 3100 timing: from 18/12/2017 09:45 to 18/12/2017 09:48 -
 - MAC-V022 timing: from 18/12/2017 14:28 to 18/12/2017 15:18 -
 - MANUAL QC GEN timing: from 21/12/2017 00:26 to 21/12/2017 00:26 -
 - FILE_PRESENCE timing: from 21/12/2017 00:26 to 21/12/2017 00:26 -</subfield>
    <subfield code="z">- VISUAL INSPECTION TABLE of U-Matic SP () true  - 
 - RTI VT 3100 of U-Matic SP () true  - 
 - MAC-V022 of U-Matic SP () true  - 
 - MANUAL QC GEN of U-Matic SP () true  - 
 - FILE_PRESENCE of U-Matic SP () true  -</subfield>
  </datafield>
  <datafield tag="583" ind1="1" ind2=" ">
    <subfield code="2">pda</subfield>
    <subfield code="3">U-Matic SP</subfield>
    <subfield code="5">SzGeCERN</subfield>
    <subfield code="6">WEEK02-public</subfield>
    <subfield code="8">20</subfield>
    <subfield code="a">digitized</subfield>
    <subfield code="b">C1V1: Composite\tSignal - U-Matic,\xc2\xa0U-Matic SP,\xc2\xa0VHS, 1 inch C, 1 inch B, Video , Betamax</subfield>
    <subfield code="c">20171222</subfield>
    <subfield code="f">CERN Digital Memory Project</subfield>
    <subfield code="f">public</subfield>
    <subfield code="i">CREATE-MARC-run20180622_170151</subfield>
    <subfield code="k">PICTURAE</subfield>
    <subfield code="l">CERN-Video-C-192-20</subfield>
    <subfield code="u">https://cds.cern.ch/record/2257246</subfield>
    <subfield code="x">- VISUAL INSPECTION TABLE timing: from 18/12/2017 09:32 to 18/12/2017 09:32 -
 - RTI VT 3100 timing: from 18/12/2017 09:32 to 18/12/2017 09:44 -
 - MAC-V022 timing: from 18/12/2017 13:21 to 18/12/2017 14:27 -
 - MANUAL QC GEN timing: from 22/12/2017 20:07 to 22/12/2017 20:07 -
 - FILE_PRESENCE timing: from 22/12/2017 20:07 to 22/12/2017 20:07 -</subfield>
    <subfield code="z">- VISUAL INSPECTION TABLE of U-Matic SP () true  - 
 - RTI VT 3100 of U-Matic SP () true  - 
 - MAC-V022 of U-Matic SP () true  - 
 - MANUAL QC GEN of U-Matic SP () true  - 
 - FILE_PRESENCE of U-Matic SP () true  -</subfield>
  </datafield>
  <datafield tag="583" ind1="1" ind2=" ">
    <subfield code="2">pda</subfield>
    <subfield code="3">U-Matic SP</subfield>
    <subfield code="5">SzGeCERN</subfield>
    <subfield code="6">WEEK02-public</subfield>
    <subfield code="8">21</subfield>
    <subfield code="a">digitized</subfield>
    <subfield code="b">C1V1: Composite\tSignal - U-Matic,\xc2\xa0U-Matic SP,\xc2\xa0VHS, 1 inch C, 1 inch B, Video , Betamax</subfield>
    <subfield code="c">20171220</subfield>
    <subfield code="f">CERN Digital Memory Project</subfield>
    <subfield code="f">public</subfield>
    <subfield code="i">CREATE-MARC-run20180622_170151</subfield>
    <subfield code="k">PICTURAE</subfield>
    <subfield code="l">CERN-Video-C-192-21</subfield>
    <subfield code="u">https://cds.cern.ch/record/2257246</subfield>
    <subfield code="x">- VISUAL INSPECTION TABLE timing: from 18/12/2017 09:22 to 18/12/2017 09:22 -
 - RTI VT 3100 timing: from 18/12/2017 09:22 to 18/12/2017 09:31 -
 - MAC-V026 timing: from 20/12/2017 11:48 to 20/12/2017 12:37 -
 - MANUAL QC GEN timing: from 20/12/2017 22:12 to 20/12/2017 22:12 -
 - FILE_PRESENCE timing: from 20/12/2017 22:12 to 20/12/2017 22:12 -</subfield>
    <subfield code="z">- VISUAL INSPECTION TABLE of U-Matic SP () true  - 
 - RTI VT 3100 of U-Matic SP () true  - 
 - MAC-V026 of U-Matic SP () true Low RF, noisy picture - 
 - MANUAL QC GEN of U-Matic SP () true  - 
 - FILE_PRESENCE of U-Matic SP () true  -</subfield>
  </datafield>
  <datafield tag="583" ind1="1" ind2=" ">
    <subfield code="2">pda</subfield>
    <subfield code="3">U-Matic SP</subfield>
    <subfield code="5">SzGeCERN</subfield>
    <subfield code="6">WEEK02-public</subfield>
    <subfield code="8">22</subfield>
    <subfield code="a">digitized</subfield>
    <subfield code="b">C1V1: Composite\tSignal - U-Matic,\xc2\xa0U-Matic SP,\xc2\xa0VHS, 1 inch C, 1 inch B, Video , Betamax</subfield>
    <subfield code="c">20171220</subfield>
    <subfield code="f">CERN Digital Memory Project</subfield>
    <subfield code="f">public</subfield>
    <subfield code="i">CREATE-MARC-run20180622_170151</subfield>
    <subfield code="k">PICTURAE</subfield>
    <subfield code="l">CERN-Video-C-192-22</subfield>
    <subfield code="u">https://cds.cern.ch/record/2257246</subfield>
    <subfield code="x">- VISUAL INSPECTION TABLE timing: from 18/12/2017 16:05 to 18/12/2017 16:05 -
 - RTI VT 3100 timing: from 18/12/2017 16:05 to 18/12/2017 16:05 -
 - MAC-V026 timing: from 20/12/2017 07:47 to 20/12/2017 08:34 -
 - MANUAL QC GEN timing: from 20/12/2017 21:21 to 20/12/2017 21:21 -
 - FILE_PRESENCE timing: from 20/12/2017 21:21 to 20/12/2017 21:21 -</subfield>
    <subfield code="z">- VISUAL INSPECTION TABLE of U-Matic SP () true  - 
 - RTI VT 3100 of U-Matic SP () true  - 
 - MAC-V026 of U-Matic SP () true Low RF, noisy picture - 
 - MANUAL QC GEN of U-Matic SP () true  - 
 - FILE_PRESENCE of U-Matic SP () true  -</subfield>
  </datafield>
  <datafield tag="583" ind1="1" ind2=" ">
    <subfield code="2">pda</subfield>
    <subfield code="3">U-Matic SP</subfield>
    <subfield code="5">SzGeCERN</subfield>
    <subfield code="6">WEEK02-public</subfield>
    <subfield code="8">24</subfield>
    <subfield code="a">digitized</subfield>
    <subfield code="b">C1V1: Composite\tSignal - U-Matic,\xc2\xa0U-Matic SP,\xc2\xa0VHS, 1 inch C, 1 inch B, Video , Betamax</subfield>
    <subfield code="c">20171220</subfield>
    <subfield code="f">CERN Digital Memory Project</subfield>
    <subfield code="f">public</subfield>
    <subfield code="i">CREATE-MARC-run20180622_170151</subfield>
    <subfield code="k">PICTURAE</subfield>
    <subfield code="l">CERN-Video-C-192-24</subfield>
    <subfield code="u">https://cds.cern.ch/record/2257246</subfield>
    <subfield code="x">- VISUAL INSPECTION TABLE timing: from 15/12/2017 12:37 to 15/12/2017 12:37 -
 - RTI VT 3100 timing: from 15/12/2017 12:37 to 15/12/2017 12:45 -
 - MAC-V024 timing: from 15/12/2017 12:45 to 15/12/2017 14:05 -
 - MANUAL QC GEN timing: from 20/12/2017 20:26 to 20/12/2017 20:26 -
 - FILE_PRESENCE timing: from 20/12/2017 20:26 to 20/12/2017 20:26 -</subfield>
    <subfield code="z">- VISUAL INSPECTION TABLE of U-Matic SP () true  - 
 - RTI VT 3100 of U-Matic SP () true  - 
 - MAC-V024 of U-Matic SP () true  - 
 - MANUAL QC GEN of U-Matic SP () true  - 
 - FILE_PRESENCE of U-Matic SP () true  -</subfield>
  </datafield>
  <datafield tag="583" ind1="1" ind2=" ">
    <subfield code="2">pda</subfield>
    <subfield code="3">U-Matic SP</subfield>
    <subfield code="5">SzGeCERN</subfield>
    <subfield code="6">WEEK02-public</subfield>
    <subfield code="8">25</subfield>
    <subfield code="a">digitized</subfield>
    <subfield code="b">C1V1: Composite\tSignal - U-Matic,\xc2\xa0U-Matic SP,\xc2\xa0VHS, 1 inch C, 1 inch B, Video , Betamax</subfield>
    <subfield code="c">20171220</subfield>
    <subfield code="f">CERN Digital Memory Project</subfield>
    <subfield code="f">public</subfield>
    <subfield code="i">CREATE-MARC-run20180622_170151</subfield>
    <subfield code="k">PICTURAE</subfield>
    <subfield code="l">CERN-Video-C-192-25</subfield>
    <subfield code="u">https://cds.cern.ch/record/2257246</subfield>
    <subfield code="x">- VISUAL INSPECTION TABLE timing: from 15/12/2017 11:25 to 15/12/2017 11:25 -
 - RTI VT 3100 timing: from 15/12/2017 11:25 to 15/12/2017 11:47 -
 - MAC-V024 timing: from 15/12/2017 11:47 to 15/12/2017 12:37 -
 - MANUAL QC GEN timing: from 20/12/2017 21:59 to 20/12/2017 21:59 -
 - FILE_PRESENCE timing: from 20/12/2017 21:59 to 20/12/2017 21:59 -</subfield>
    <subfield code="z">- VISUAL INSPECTION TABLE of U-Matic SP () true  - 
 - RTI VT 3100 of U-Matic SP () true  - 
 - MAC-V024 of U-Matic SP () true  - 
 - MANUAL QC GEN of U-Matic SP () true  - 
 - FILE_PRESENCE of U-Matic SP () true  -</subfield>
  </datafield>
  <datafield tag="583" ind1="1" ind2=" ">
    <subfield code="2">pda</subfield>
    <subfield code="3">U-Matic SP</subfield>
    <subfield code="5">SzGeCERN</subfield>
    <subfield code="6">WEEK02-public</subfield>
    <subfield code="8">26</subfield>
    <subfield code="a">digitized</subfield>
    <subfield code="b">C1V1: Composite\tSignal - U-Matic,\xc2\xa0U-Matic SP,\xc2\xa0VHS, 1 inch C, 1 inch B, Video , Betamax</subfield>
    <subfield code="c">20171221</subfield>
    <subfield code="f">CERN Digital Memory Project</subfield>
    <subfield code="f">public</subfield>
    <subfield code="i">CREATE-MARC-run20180622_170151</subfield>
    <subfield code="k">PICTURAE</subfield>
    <subfield code="l">CERN-Video-C-192-26</subfield>
    <subfield code="u">https://cds.cern.ch/record/2257246</subfield>
    <subfield code="x">- VISUAL INSPECTION TABLE timing: from 15/12/2017 11:18 to 15/12/2017 11:18 -
 - RTI VT 3100 timing: from 15/12/2017 11:18 to 15/12/2017 11:24 -
 - MAC-V026 timing: from 15/12/2017 11:51 to 15/12/2017 12:55 -
 - MANUAL QC GEN timing: from 21/12/2017 00:50 to 21/12/2017 00:50 -
 - FILE_PRESENCE timing: from 21/12/2017 00:50 to 21/12/2017 00:50 -</subfield>
    <subfield code="z">- VISUAL INSPECTION TABLE of U-Matic SP () true  - 
 - RTI VT 3100 of U-Matic SP () true  - 
 - MAC-V026 of U-Matic SP () true  - 
 - MANUAL QC GEN of U-Matic SP () true  - 
 - FILE_PRESENCE of U-Matic SP () true  -</subfield>
  </datafield>
  <datafield tag="583" ind1="1" ind2=" ">
    <subfield code="2">pda</subfield>
    <subfield code="3">U-Matic SP</subfield>
    <subfield code="5">SzGeCERN</subfield>
    <subfield code="6">WEEK02-public</subfield>
    <subfield code="8">27</subfield>
    <subfield code="a">digitized</subfield>
    <subfield code="b">C1V1: Composite\tSignal - U-Matic,\xc2\xa0U-Matic SP,\xc2\xa0VHS, 1 inch C, 1 inch B, Video , Betamax</subfield>
    <subfield code="c">20171221</subfield>
    <subfield code="f">CERN Digital Memory Project</subfield>
    <subfield code="f">public</subfield>
    <subfield code="i">CREATE-MARC-run20180622_170151</subfield>
    <subfield code="k">PICTURAE</subfield>
    <subfield code="l">CERN-Video-C-192-27</subfield>
    <subfield code="u">https://cds.cern.ch/record/2257246</subfield>
    <subfield code="x">- VISUAL INSPECTION TABLE timing: from 15/12/2017 11:08 to 15/12/2017 11:08 -
 - RTI VT 3100 timing: from 15/12/2017 11:08 to 15/12/2017 11:18 -
 - MAC-V025 timing: from 15/12/2017 12:20 to 15/12/2017 13:21 -
 - MANUAL QC GEN timing: from 21/12/2017 22:06 to 21/12/2017 22:06 -
 - FILE_PRESENCE timing: from 21/12/2017 22:06 to 21/12/2017 22:06 -</subfield>
    <subfield code="z">- VISUAL INSPECTION TABLE of U-Matic SP () true  - 
 - RTI VT 3100 of U-Matic SP () true  - 
 - MAC-V025 of U-Matic SP () true Low RF, noisy picture - 
 - MANUAL QC GEN of U-Matic SP () true  - 
 - FILE_PRESENCE of U-Matic SP () true  -</subfield>
  </datafield>
  <datafield tag="583" ind1="1" ind2=" ">
    <subfield code="2">pda</subfield>
    <subfield code="3">U-Matic SP</subfield>
    <subfield code="5">SzGeCERN</subfield>
    <subfield code="6">WEEK02-public</subfield>
    <subfield code="8">28</subfield>
    <subfield code="a">digitized</subfield>
    <subfield code="b">C1V1: Composite\tSignal - U-Matic,\xc2\xa0U-Matic SP,\xc2\xa0VHS, 1 inch C, 1 inch B, Video , Betamax</subfield>
    <subfield code="c">20171221</subfield>
    <subfield code="f">CERN Digital Memory Project</subfield>
    <subfield code="f">public</subfield>
    <subfield code="i">CREATE-MARC-run20180622_170151</subfield>
    <subfield code="k">PICTURAE</subfield>
    <subfield code="l">CERN-Video-C-192-28</subfield>
    <subfield code="u">https://cds.cern.ch/record/2257246</subfield>
    <subfield code="x">- VISUAL INSPECTION TABLE timing: from 15/12/2017 11:08 to 15/12/2017 11:08 -
 - RTI VT 3100 timing: from 15/12/2017 11:08 to 15/12/2017 11:08 -
 - MAC-V025 timing: from 15/12/2017 11:42 to 15/12/2017 12:17 -
 - MANUAL QC GEN timing: from 21/12/2017 20:36 to 21/12/2017 20:36 -
 - FILE_PRESENCE timing: from 21/12/2017 20:36 to 21/12/2017 20:36 -</subfield>
    <subfield code="z">- VISUAL INSPECTION TABLE of U-Matic SP () true  - 
 - RTI VT 3100 of U-Matic SP () true  - 
 - MAC-V025 of U-Matic SP () true  - 
 - MANUAL QC GEN of U-Matic SP () true  - 
 - FILE_PRESENCE of U-Matic SP () true  -</subfield>
  </datafield>
  <datafield tag="583" ind1="1" ind2=" ">
    <subfield code="2">pda</subfield>
    <subfield code="3">U-Matic SP</subfield>
    <subfield code="5">SzGeCERN</subfield>
    <subfield code="6">WEEK02-public</subfield>
    <subfield code="8">29</subfield>
    <subfield code="a">digitized</subfield>
    <subfield code="b">C1V1: Composite\tSignal - U-Matic,\xc2\xa0U-Matic SP,\xc2\xa0VHS, 1 inch C, 1 inch B, Video , Betamax</subfield>
    <subfield code="c">20171221</subfield>
    <subfield code="f">CERN Digital Memory Project</subfield>
    <subfield code="f">public</subfield>
    <subfield code="i">CREATE-MARC-run20180622_170151</subfield>
    <subfield code="k">PICTURAE</subfield>
    <subfield code="l">CERN-Video-C-192-29</subfield>
    <subfield code="u">https://cds.cern.ch/record/2257246</subfield>
    <subfield code="x">- VISUAL INSPECTION TABLE timing: from 15/12/2017 10:43 to 15/12/2017 10:43 -
 - RTI VT 3100 timing: from 15/12/2017 10:43 to 15/12/2017 10:45 -
 - MAC-V026 timing: from 15/12/2017 10:45 to 15/12/2017 11:49 -
 - MANUAL QC GEN timing: from 21/12/2017 00:29 to 21/12/2017 00:29 -
 - FILE_PRESENCE timing: from 21/12/2017 00:29 to 21/12/2017 00:29 -</subfield>
    <subfield code="z">- VISUAL INSPECTION TABLE of U-Matic SP () true  - 
 - RTI VT 3100 of U-Matic SP () true  - 
 - MAC-V026 of U-Matic SP () true  - 
 - MANUAL QC GEN of U-Matic SP () true  - 
 - FILE_PRESENCE of U-Matic SP () true  -</subfield>
  </datafield>
  <datafield tag="583" ind1="1" ind2=" ">
    <subfield code="2">pda</subfield>
    <subfield code="3">U-Matic SP</subfield>
    <subfield code="5">SzGeCERN</subfield>
    <subfield code="6">WEEK02-public</subfield>
    <subfield code="8">30</subfield>
    <subfield code="a">digitized</subfield>
    <subfield code="b">C1V1: Composite\tSignal - U-Matic,\xc2\xa0U-Matic SP,\xc2\xa0VHS, 1 inch C, 1 inch B, Video , Betamax</subfield>
    <subfield code="c">20171221</subfield>
    <subfield code="f">CERN Digital Memory Project</subfield>
    <subfield code="f">public</subfield>
    <subfield code="i">CREATE-MARC-run20180622_170151</subfield>
    <subfield code="k">PICTURAE</subfield>
    <subfield code="l">CERN-Video-C-192-30</subfield>
    <subfield code="u">https://cds.cern.ch/record/2257246</subfield>
    <subfield code="x">- VISUAL INSPECTION TABLE timing: from 15/12/2017 10:46 to 15/12/2017 10:46 -
 - RTI VT 3100 timing: from 15/12/2017 10:47 to 15/12/2017 10:50 -
 - MAC-V025 timing: from 15/12/2017 10:50 to 15/12/2017 11:42 -
 - MANUAL QC GEN timing: from 21/12/2017 21:49 to 21/12/2017 21:49 -
 - FILE_PRESENCE timing: from 21/12/2017 21:49 to 21/12/2017 21:49 -</subfield>
    <subfield code="z">- VISUAL INSPECTION TABLE of U-Matic SP () true  - 
 - RTI VT 3100 of U-Matic SP () true  - 
 - MAC-V025 of U-Matic SP () true  - 
 - MANUAL QC GEN of U-Matic SP () true  - 
 - FILE_PRESENCE of U-Matic SP () true  -</subfield>
  </datafield>
  <datafield tag="583" ind1="1" ind2=" ">
    <subfield code="2">pda</subfield>
    <subfield code="3">U-Matic SP</subfield>
    <subfield code="5">SzGeCERN</subfield>
    <subfield code="6">WEEK02-public</subfield>
    <subfield code="8">31</subfield>
    <subfield code="a">digitized</subfield>
    <subfield code="b">C1V1: Composite\tSignal - U-Matic,\xc2\xa0U-Matic SP,\xc2\xa0VHS, 1 inch C, 1 inch B, Video , Betamax</subfield>
    <subfield code="c">20171220</subfield>
    <subfield code="f">CERN Digital Memory Project</subfield>
    <subfield code="f">public</subfield>
    <subfield code="i">CREATE-MARC-run20180622_170151</subfield>
    <subfield code="k">PICTURAE</subfield>
    <subfield code="l">CERN-Video-C-192-31</subfield>
    <subfield code="u">https://cds.cern.ch/record/2257246</subfield>
    <subfield code="x">- VISUAL INSPECTION TABLE timing: from 15/12/2017 10:55 to 15/12/2017 10:55 -
 - RTI VT 3100 timing: from 15/12/2017 10:55 to 15/12/2017 11:01 -
 - MAC-V024 timing: from 15/12/2017 11:01 to 15/12/2017 11:47 -
 - MANUAL QC GEN timing: from 20/12/2017 21:34 to 20/12/2017 21:34 -
 - FILE_PRESENCE timing: from 20/12/2017 21:34 to 20/12/2017 21:34 -</subfield>
    <subfield code="z">- VISUAL INSPECTION TABLE of U-Matic SP () true  - 
 - RTI VT 3100 of U-Matic SP () true  - 
 - MAC-V024 of U-Matic SP () true  - 
 - MANUAL QC GEN of U-Matic SP () true  - 
 - FILE_PRESENCE of U-Matic SP () true  -</subfield>
  </datafield>
  <datafield tag="583" ind1="1" ind2=" ">
    <subfield code="2">pda</subfield>
    <subfield code="3">U-Matic SP</subfield>
    <subfield code="5">SzGeCERN</subfield>
    <subfield code="6">WEEK02-public</subfield>
    <subfield code="8">32</subfield>
    <subfield code="a">digitized</subfield>
    <subfield code="b">C1V1: Composite\tSignal - U-Matic,\xc2\xa0U-Matic SP,\xc2\xa0VHS, 1 inch C, 1 inch B, Video , Betamax</subfield>
    <subfield code="c">20171220</subfield>
    <subfield code="f">CERN Digital Memory Project</subfield>
    <subfield code="f">public</subfield>
    <subfield code="i">CREATE-MARC-run20180622_170151</subfield>
    <subfield code="k">PICTURAE</subfield>
    <subfield code="l">CERN-Video-C-192-32</subfield>
    <subfield code="u">https://cds.cern.ch/record/2257246</subfield>
    <subfield code="x">- VISUAL INSPECTION TABLE timing: from 20/12/2017 12:13 to 20/12/2017 12:13 -
 - RTI VT 3100 timing: from 20/12/2017 12:13 to 20/12/2017 12:13 -
 - MAC-V026 timing: from 20/12/2017 14:19 to 20/12/2017 15:07 -
 - MANUAL QC GEN timing: from 20/12/2017 20:56 to 20/12/2017 20:56 -
 - FILE_PRESENCE timing: from 20/12/2017 20:56 to 20/12/2017 20:56 -</subfield>
    <subfield code="z">- VISUAL INSPECTION TABLE of U-Matic SP () true  - 
 - RTI VT 3100 of U-Matic SP () true  - 
 - MAC-V026 of U-Matic SP () true  - 
 - MANUAL QC GEN of U-Matic SP () true  - 
 - FILE_PRESENCE of U-Matic SP () true  -</subfield>
  </datafield>
  <datafield tag="583" ind1="1" ind2=" ">
    <subfield code="2">pda</subfield>
    <subfield code="3">U-Matic SP</subfield>
    <subfield code="5">SzGeCERN</subfield>
    <subfield code="6">WEEK02-public</subfield>
    <subfield code="8">33</subfield>
    <subfield code="a">digitized</subfield>
    <subfield code="b">C1V1: Composite\tSignal - U-Matic,\xc2\xa0U-Matic SP,\xc2\xa0VHS, 1 inch C, 1 inch B, Video , Betamax</subfield>
    <subfield code="c">20171221</subfield>
    <subfield code="f">CERN Digital Memory Project</subfield>
    <subfield code="f">public</subfield>
    <subfield code="i">CREATE-MARC-run20180622_170151</subfield>
    <subfield code="k">PICTURAE</subfield>
    <subfield code="l">CERN-Video-C-192-33</subfield>
    <subfield code="u">https://cds.cern.ch/record/2257246</subfield>
    <subfield code="x">- VISUAL INSPECTION TABLE timing: from 20/12/2017 12:13 to 20/12/2017 12:13 -
 - RTI VT 3100 timing: from 20/12/2017 12:13 to 20/12/2017 12:13 -
 - MAC-V025 timing: from 20/12/2017 14:23 to 20/12/2017 15:27 -
 - MANUAL QC GEN timing: from 21/12/2017 22:22 to 21/12/2017 22:22 -
 - FILE_PRESENCE timing: from 21/12/2017 22:22 to 21/12/2017 22:22 -</subfield>
    <subfield code="z">- VISUAL INSPECTION TABLE of U-Matic SP () true  - 
 - RTI VT 3100 of U-Matic SP () true  - 
 - MAC-V025 of U-Matic SP () true Low RF, noisy picture - 
 - MANUAL QC GEN of U-Matic SP () true  - 
 - FILE_PRESENCE of U-Matic SP () true  -</subfield>
  </datafield>
  <datafield tag="583" ind1="1" ind2=" ">
    <subfield code="2">pda</subfield>
    <subfield code="3">U-Matic SP</subfield>
    <subfield code="5">SzGeCERN</subfield>
    <subfield code="6">WEEK02-public</subfield>
    <subfield code="8">34</subfield>
    <subfield code="a">digitized</subfield>
    <subfield code="b">C1V1: Composite\tSignal - U-Matic,\xc2\xa0U-Matic SP,\xc2\xa0VHS, 1 inch C, 1 inch B, Video , Betamax</subfield>
    <subfield code="c">20171221</subfield>
    <subfield code="f">CERN Digital Memory Project</subfield>
    <subfield code="f">public</subfield>
    <subfield code="i">CREATE-MARC-run20180622_170151</subfield>
    <subfield code="k">PICTURAE</subfield>
    <subfield code="l">CERN-Video-C-192-34</subfield>
    <subfield code="u">https://cds.cern.ch/record/2257246</subfield>
    <subfield code="x">- VISUAL INSPECTION TABLE timing: from 18/12/2017 16:05 to 18/12/2017 16:05 -
 - RTI VT 3100 timing: from 18/12/2017 16:05 to 18/12/2017 16:05 -
 - MAC-V025 timing: from 20/12/2017 11:04 to 20/12/2017 12:09 -
 - MANUAL QC GEN timing: from 21/12/2017 22:48 to 21/12/2017 22:48 -
 - FILE_PRESENCE timing: from 21/12/2017 22:48 to 21/12/2017 22:48 -</subfield>
    <subfield code="z">- VISUAL INSPECTION TABLE of U-Matic SP () true  - 
 - RTI VT 3100 of U-Matic SP () true  - 
 - MAC-V025 of U-Matic SP () true  - 
 - MANUAL QC GEN of U-Matic SP () true  - 
 - FILE_PRESENCE of U-Matic SP () true  -</subfield>
  </datafield>
  <datafield tag="583" ind1="1" ind2=" ">
    <subfield code="2">pda</subfield>
    <subfield code="3">U-Matic SP</subfield>
    <subfield code="5">SzGeCERN</subfield>
    <subfield code="6">WEEK02-public</subfield>
    <subfield code="8">35</subfield>
    <subfield code="a">digitized</subfield>
    <subfield code="b">C1V1: Composite\tSignal - U-Matic,\xc2\xa0U-Matic SP,\xc2\xa0VHS, 1 inch C, 1 inch B, Video , Betamax</subfield>
    <subfield code="c">20171221</subfield>
    <subfield code="f">CERN Digital Memory Project</subfield>
    <subfield code="f">public</subfield>
    <subfield code="i">CREATE-MARC-run20180622_170151</subfield>
    <subfield code="k">PICTURAE</subfield>
    <subfield code="l">CERN-Video-C-192-35</subfield>
    <subfield code="u">https://cds.cern.ch/record/2257246</subfield>
    <subfield code="x">- VISUAL INSPECTION TABLE timing: from 18/12/2017 16:05 to 18/12/2017 16:05 -
 - RTI VT 3100 timing: from 18/12/2017 16:05 to 18/12/2017 16:05 -
 - MAC-V025 timing: from 20/12/2017 07:52 to 20/12/2017 08:27 -
 - MANUAL QC GEN timing: from 21/12/2017 20:25 to 21/12/2017 20:25 -
 - FILE_PRESENCE timing: from 21/12/2017 20:25 to 21/12/2017 20:25 -</subfield>
    <subfield code="z">- VISUAL INSPECTION TABLE of U-Matic SP () true  - 
 - RTI VT 3100 of U-Matic SP () true  - 
 - MAC-V025 of U-Matic SP () true  - 
 - MANUAL QC GEN of U-Matic SP () true  - 
 - FILE_PRESENCE of U-Matic SP () true  -</subfield>
  </datafield>
  <datafield tag="583" ind1="1" ind2=" ">
    <subfield code="2">pda</subfield>
    <subfield code="3">U-Matic SP</subfield>
    <subfield code="5">SzGeCERN</subfield>
    <subfield code="6">WEEK02-public</subfield>
    <subfield code="8">36</subfield>
    <subfield code="a">digitized</subfield>
    <subfield code="b">C1V1: Composite\tSignal - U-Matic,\xc2\xa0U-Matic SP,\xc2\xa0VHS, 1 inch C, 1 inch B, Video , Betamax</subfield>
    <subfield code="c">20171220</subfield>
    <subfield code="f">CERN Digital Memory Project</subfield>
    <subfield code="f">public</subfield>
    <subfield code="i">CREATE-MARC-run20180622_170151</subfield>
    <subfield code="k">PICTURAE</subfield>
    <subfield code="l">CERN-Video-C-192-36</subfield>
    <subfield code="u">https://cds.cern.ch/record/2257246</subfield>
    <subfield code="x">- VISUAL INSPECTION TABLE timing: from 18/12/2017 16:05 to 18/12/2017 16:05 -
 - RTI VT 3100 timing: from 18/12/2017 16:05 to 18/12/2017 16:05 -
 - MAC-V026 timing: from 20/12/2017 11:03 to 20/12/2017 11:46 -
 - MANUAL QC GEN timing: from 20/12/2017 20:24 to 20/12/2017 20:24 -
 - FILE_PRESENCE timing: from 20/12/2017 20:24 to 20/12/2017 20:24 -</subfield>
    <subfield code="z">- VISUAL INSPECTION TABLE of U-Matic SP () true  - 
 - RTI VT 3100 of U-Matic SP () true  - 
 - MAC-V026 of U-Matic SP () true  - 
 - MANUAL QC GEN of U-Matic SP () true  - 
 - FILE_PRESENCE of U-Matic SP () true  -</subfield>
  </datafield>
  <datafield tag="583" ind1="1" ind2=" ">
    <subfield code="2">pda</subfield>
    <subfield code="3">U-Matic SP</subfield>
    <subfield code="5">SzGeCERN</subfield>
    <subfield code="6">WEEK02-public</subfield>
    <subfield code="8">37</subfield>
    <subfield code="a">digitized</subfield>
    <subfield code="b">C1V1: Composite\tSignal - U-Matic,\xc2\xa0U-Matic SP,\xc2\xa0VHS, 1 inch C, 1 inch B, Video , Betamax</subfield>
    <subfield code="c">20171220</subfield>
    <subfield code="f">CERN Digital Memory Project</subfield>
    <subfield code="f">public</subfield>
    <subfield code="i">CREATE-MARC-run20180622_170151</subfield>
    <subfield code="k">PICTURAE</subfield>
    <subfield code="l">CERN-Video-C-192-37</subfield>
    <subfield code="u">https://cds.cern.ch/record/2257246</subfield>
    <subfield code="x">- VISUAL INSPECTION TABLE timing: from 18/12/2017 14:40 to 18/12/2017 14:40 -
 - RTI VT 3100 timing: from 18/12/2017 14:40 to 18/12/2017 14:41 -
 - MAC-V024 timing: from 20/12/2017 09:57 to 20/12/2017 09:57 -
 - MANUAL QC GEN timing: from 20/12/2017 22:29 to 20/12/2017 22:29 -
 - FILE_PRESENCE timing: from 20/12/2017 22:29 to 20/12/2017 22:29 -</subfield>
    <subfield code="z">- VISUAL INSPECTION TABLE of U-Matic SP () true  - 
 - RTI VT 3100 of U-Matic SP () true  - 
 - MAC-V024 of U-Matic SP () true  - 
 - MANUAL QC GEN of U-Matic SP () true  - 
 - FILE_PRESENCE of U-Matic SP () true  -</subfield>
  </datafield>
  <datafield tag="583" ind1="1" ind2=" ">
    <subfield code="2">pda</subfield>
    <subfield code="3">U-Matic SP</subfield>
    <subfield code="5">SzGeCERN</subfield>
    <subfield code="6">WEEK02-public</subfield>
    <subfield code="8">38</subfield>
    <subfield code="a">digitized</subfield>
    <subfield code="b">C1V1: Composite\tSignal - U-Matic,\xc2\xa0U-Matic SP,\xc2\xa0VHS, 1 inch C, 1 inch B, Video , Betamax</subfield>
    <subfield code="c">20171220</subfield>
    <subfield code="f">CERN Digital Memory Project</subfield>
    <subfield code="f">public</subfield>
    <subfield code="i">CREATE-MARC-run20180622_170151</subfield>
    <subfield code="k">PICTURAE</subfield>
    <subfield code="l">CERN-Video-C-192-38</subfield>
    <subfield code="u">https://cds.cern.ch/record/2257246</subfield>
    <subfield code="x">- VISUAL INSPECTION TABLE timing: from 18/12/2017 14:40 to 18/12/2017 14:40 -
 - RTI VT 3100 timing: from 18/12/2017 14:40 to 18/12/2017 14:41 -
 - MAC-V021 timing: from 18/12/2017 15:38 to 18/12/2017 16:47 -
 - MANUAL QC GEN timing: from 20/12/2017 22:31 to 20/12/2017 22:31 -
 - FILE_PRESENCE timing: from 20/12/2017 22:31 to 20/12/2017 22:31 -</subfield>
    <subfield code="z">- VISUAL INSPECTION TABLE of U-Matic SP () true  - 
 - RTI VT 3100 of U-Matic SP () true  - 
 - MAC-V021 of U-Matic SP () true Low RF, noisy picture - 
 - MANUAL QC GEN of U-Matic SP () true  - 
 - FILE_PRESENCE of U-Matic SP () true  -</subfield>
  </datafield>
  <datafield tag="583" ind1="1" ind2=" ">
    <subfield code="2">pda</subfield>
    <subfield code="3">U-Matic SP</subfield>
    <subfield code="5">SzGeCERN</subfield>
    <subfield code="6">WEEK02-public</subfield>
    <subfield code="8">39</subfield>
    <subfield code="a">digitized</subfield>
    <subfield code="b">C1V1: Composite\tSignal - U-Matic,\xc2\xa0U-Matic SP,\xc2\xa0VHS, 1 inch C, 1 inch B, Video , Betamax</subfield>
    <subfield code="c">20171221</subfield>
    <subfield code="f">CERN Digital Memory Project</subfield>
    <subfield code="f">public</subfield>
    <subfield code="i">CREATE-MARC-run20180622_170151</subfield>
    <subfield code="k">PICTURAE</subfield>
    <subfield code="l">CERN-Video-C-192-39</subfield>
    <subfield code="u">https://cds.cern.ch/record/2257246</subfield>
    <subfield code="x">- VISUAL INSPECTION TABLE timing: from 18/12/2017 14:40 to 18/12/2017 14:40 -
 - RTI VT 3100 timing: from 18/12/2017 14:41 to 18/12/2017 14:41 -
 - MAC-V022 timing: from 18/12/2017 15:19 to 18/12/2017 16:16 -
 - MANUAL QC GEN timing: from 21/12/2017 00:48 to 21/12/2017 00:48 -
 - FILE_PRESENCE timing: from 21/12/2017 00:48 to 21/12/2017 00:48 -</subfield>
    <subfield code="z">- VISUAL INSPECTION TABLE of U-Matic SP () true  - 
 - RTI VT 3100 of U-Matic SP () true  - 
 - MAC-V022 of U-Matic SP () true  - 
 - MANUAL QC GEN of U-Matic SP () true  - 
 - FILE_PRESENCE of U-Matic SP () true  -</subfield>
  </datafield>
  <datafield tag="583" ind1="1" ind2=" ">
    <subfield code="2">pda</subfield>
    <subfield code="3">U-Matic SP</subfield>
    <subfield code="5">SzGeCERN</subfield>
    <subfield code="6">WEEK02-public</subfield>
    <subfield code="8">40</subfield>
    <subfield code="a">digitized</subfield>
    <subfield code="b">C1V1: Composite\tSignal - U-Matic,\xc2\xa0U-Matic SP,\xc2\xa0VHS, 1 inch C, 1 inch B, Video , Betamax</subfield>
    <subfield code="c">20171220</subfield>
    <subfield code="f">CERN Digital Memory Project</subfield>
    <subfield code="f">public</subfield>
    <subfield code="i">CREATE-MARC-run20180622_170151</subfield>
    <subfield code="k">PICTURAE</subfield>
    <subfield code="l">CERN-Video-C-192-40</subfield>
    <subfield code="u">https://cds.cern.ch/record/2257246</subfield>
    <subfield code="x">- VISUAL INSPECTION TABLE timing: from 18/12/2017 14:40 to 18/12/2017 14:40 -
 - RTI VT 3100 timing: from 18/12/2017 14:41 to 18/12/2017 14:41 -
 - MAC-V021 timing: from 18/12/2017 15:09 to 18/12/2017 15:37 -
 - MANUAL QC GEN timing: from 20/12/2017 20:22 to 20/12/2017 20:22 -
 - FILE_PRESENCE timing: from 20/12/2017 20:22 to 20/12/2017 20:22 -</subfield>
    <subfield code="z">- VISUAL INSPECTION TABLE of U-Matic SP () true  - 
 - RTI VT 3100 of U-Matic SP () true  - 
 - MAC-V021 of U-Matic SP () true  - 
 - MANUAL QC GEN of U-Matic SP () true  - 
 - FILE_PRESENCE of U-Matic SP () true  -</subfield>
  </datafield>
  <datafield tag="583" ind1="1" ind2=" ">
    <subfield code="2">pda</subfield>
    <subfield code="3">U-Matic SP</subfield>
    <subfield code="5">SzGeCERN</subfield>
    <subfield code="6">WEEK02-public</subfield>
    <subfield code="8">7</subfield>
    <subfield code="a">digitized</subfield>
    <subfield code="b">C1V1: Composite\tSignal - U-Matic,\xc2\xa0U-Matic SP,\xc2\xa0VHS, 1 inch C, 1 inch B, Video , Betamax</subfield>
    <subfield code="c">20171221</subfield>
    <subfield code="f">CERN Digital Memory Project</subfield>
    <subfield code="f">public</subfield>
    <subfield code="i">CREATE-MARC-run20180622_170151</subfield>
    <subfield code="k">PICTURAE</subfield>
    <subfield code="l">CERN-Video-C-192-07</subfield>
    <subfield code="u">https://cds.cern.ch/record/2257246</subfield>
    <subfield code="x">- VISUAL INSPECTION TABLE timing: from 20/12/2017 12:13 to 20/12/2017 12:13 -
 - RTI VT 3100 timing: from 20/12/2017 12:13 to 20/12/2017 12:13 -
 - MAC-V025 timing: from 20/12/2017 13:23 to 20/12/2017 14:19 -
 - MANUAL QC GEN timing: from 20/12/2017 20:46 to 20/12/2017 20:46 -
 - FILE_PRESENCE timing: from 20/12/2017 20:46 to 20/12/2017 20:46 -
 - MANUAL QC GEN timing: from 21/12/2017 21:44 to 21/12/2017 21:44 -
 - FILE_PRESENCE timing: from 21/12/2017 21:44 to 21/12/2017 21:44 -</subfield>
    <subfield code="z">- VISUAL INSPECTION TABLE of U-Matic SP () true  - 
 - RTI VT 3100 of U-Matic SP () true  - 
 - MAC-V025 of U-Matic SP () true  - 
 - MANUAL QC GEN of U-Matic SP () true  - 
 - FILE_PRESENCE of U-Matic SP () true  - 
 - MANUAL QC GEN of U-Matic SP () true  - 
 - FILE_PRESENCE of U-Matic SP () true  -</subfield>
  </datafield>
  <datafield tag="583" ind1="1" ind2=" ">
    <subfield code="2">pda</subfield>
    <subfield code="3">U-Matic SP</subfield>
    <subfield code="5">SzGeCERN</subfield>
    <subfield code="6">WEEK02-public</subfield>
    <subfield code="8">8</subfield>
    <subfield code="a">digitized</subfield>
    <subfield code="b">C1V1: Composite\tSignal - U-Matic,\xc2\xa0U-Matic SP,\xc2\xa0VHS, 1 inch C, 1 inch B, Video , Betamax</subfield>
    <subfield code="c">20171220</subfield>
    <subfield code="f">CERN Digital Memory Project</subfield>
    <subfield code="f">public</subfield>
    <subfield code="i">CREATE-MARC-run20180622_170151</subfield>
    <subfield code="k">PICTURAE</subfield>
    <subfield code="l">CERN-Video-C-192-08</subfield>
    <subfield code="u">https://cds.cern.ch/record/2257246</subfield>
    <subfield code="x">- VISUAL INSPECTION TABLE timing: from 20/12/2017 12:13 to 20/12/2017 12:13 -
 - RTI VT 3100 timing: from 20/12/2017 12:13 to 20/12/2017 12:14 -
 - MAC-V024 timing: from 20/12/2017 12:57 to 20/12/2017 14:19 -
 - MANUAL QC GEN timing: from 20/12/2017 23:16 to 20/12/2017 23:16 -
 - FILE_PRESENCE timing: from 20/12/2017 23:16 to 20/12/2017 23:16 -</subfield>
    <subfield code="z">- VISUAL INSPECTION TABLE of U-Matic SP () true  - 
 - RTI VT 3100 of U-Matic SP () true  - 
 - MAC-V024 of U-Matic SP () true Audio present but not on all channels - 
 - MANUAL QC GEN of U-Matic SP () true  - 
 - FILE_PRESENCE of U-Matic SP () true  -</subfield>
  </datafield>
  <datafield tag="583" ind1="1" ind2=" ">
    <subfield code="2">pda</subfield>
    <subfield code="3">U-Matic SP</subfield>
    <subfield code="5">SzGeCERN</subfield>
    <subfield code="6">WEEK02-public</subfield>
    <subfield code="8">9</subfield>
    <subfield code="a">digitized</subfield>
    <subfield code="b">C1V1: Composite\tSignal - U-Matic,\xc2\xa0U-Matic SP,\xc2\xa0VHS, 1 inch C, 1 inch B, Video , Betamax</subfield>
    <subfield code="c">20171221</subfield>
    <subfield code="f">CERN Digital Memory Project</subfield>
    <subfield code="f">public</subfield>
    <subfield code="i">CREATE-MARC-run20180622_170151</subfield>
    <subfield code="k">PICTURAE</subfield>
    <subfield code="l">CERN-Video-C-192-09</subfield>
    <subfield code="u">https://cds.cern.ch/record/2257246</subfield>
    <subfield code="x">- VISUAL INSPECTION TABLE timing: from 20/12/2017 12:13 to 20/12/2017 12:13 -
 - RTI VT 3100 timing: from 20/12/2017 12:13 to 20/12/2017 12:14 -
 - MAC-V026 timing: from 20/12/2017 12:38 to 20/12/2017 14:19 -
 - MANUAL QC GEN timing: from 21/12/2017 00:10 to 21/12/2017 00:10 -
 - FILE_PRESENCE timing: from 21/12/2017 00:10 to 21/12/2017 00:10 -</subfield>
    <subfield code="z">- VISUAL INSPECTION TABLE of U-Matic SP () true  - 
 - RTI VT 3100 of U-Matic SP () true  - 
 - MAC-V026 of U-Matic SP () true  - 
 - MANUAL QC GEN of U-Matic SP () true  - 
 - FILE_PRESENCE of U-Matic SP () true  -</subfield>
  </datafield>
  <datafield tag="583" ind1="1" ind2=" ">
    <subfield code="2">pda</subfield>
    <subfield code="3">U-Matic SP</subfield>
    <subfield code="5">SzGeCERN</subfield>
    <subfield code="6">WEEK15-public</subfield>
    <subfield code="8">23</subfield>
    <subfield code="a">digitized</subfield>
    <subfield code="b">C1V1: Composite\tSignal - U-Matic,\xc2\xa0U-Matic SP,\xc2\xa0VHS, 1 inch C, 1 inch B, Video , Betamax</subfield>
    <subfield code="c">20180116</subfield>
    <subfield code="f">CERN Digital Memory Project</subfield>
    <subfield code="f">public</subfield>
    <subfield code="i">CREATE-MARC-run20180622_170835</subfield>
    <subfield code="k">PICTURAE</subfield>
    <subfield code="l">CERN-Video-C-192-23</subfield>
    <subfield code="u">https://cds.cern.ch/record/2257246</subfield>
    <subfield code="x">- VISUAL INSPECTION TABLE timing: from 15/12/2017 13:24 to 15/12/2017 13:24 -
 - RTI VT 3100 timing: from 15/12/2017 13:25 to 15/12/2017 14:06 -
 - MAC-V025 timing: from 15/01/2018 19:14 to 15/01/2018 21:04 -
 - MANUAL QC GEN timing: from 15/01/2018 21:04 to 15/01/2018 21:04 -
 - MANUAL QC GEN timing: from 16/01/2018 20:27 to 16/01/2018 20:27 -
 - FILE_PRESENCE timing: from 16/01/2018 20:27 to 16/01/2018 20:27 -</subfield>
    <subfield code="z">- VISUAL INSPECTION TABLE of U-Matic SP () true  - 
 - RTI VT 3100 of U-Matic SP () true  - 
 - MAC-V025 of U-Matic SP () true Low RF, noisy picture | Low audio level - poor quality - out of phase | Audio present but not on all channels | No Audio Right Channel (silence) - 
 - MANUAL QC GEN of U-Matic SP () true  - 
 - MANUAL QC GEN of U-Matic SP () true  - 
 - FILE_PRESENCE of U-Matic SP () true  -</subfield>
  </datafield>
  <datafield tag="583" ind1="1" ind2=" ">
    <subfield code="2">pda</subfield>
    <subfield code="3">U-Matic SP</subfield>
    <subfield code="5">SzGeCERN</subfield>
    <subfield code="6">WEEK18-public</subfield>
    <subfield code="8">6</subfield>
    <subfield code="a">digitized</subfield>
    <subfield code="b">C1V1: Composite\tSignal - U-Matic,\xc2\xa0U-Matic SP,\xc2\xa0VHS, 1 inch C, 1 inch B, Video , Betamax</subfield>
    <subfield code="c">20171220</subfield>
    <subfield code="f">CERN Digital Memory Project</subfield>
    <subfield code="f">public</subfield>
    <subfield code="i">CREATE-MARC-run20180626_101246</subfield>
    <subfield code="k">PICTURAE</subfield>
    <subfield code="l">CERN-Video-C-192-06</subfield>
    <subfield code="u">https://cds.cern.ch/record/2257246</subfield>
    <subfield code="x">- VISUAL INSPECTION TABLE timing: from 18/12/2017 10:56 to 18/12/2017 10:56 -
 - RTI VT 3100 timing: from 18/12/2017 10:56 to 18/12/2017 11:00 -
 - MAC-V021 timing: from 18/12/2017 11:02 to 18/12/2017 12:18 -
 - MANUAL QC GEN timing: from 20/12/2017 23:23 to 20/12/2017 23:23 -
 - FILE_PRESENCE timing: from 20/12/2017 23:23 to 20/12/2017 23:23 -</subfield>
    <subfield code="z">- VISUAL INSPECTION TABLE of U-Matic SP () true  - 
 - RTI VT 3100 of U-Matic SP () true  - 
 - MAC-V021 of U-Matic SP () true Audio present but not on all channels | No Audio Right Channel (silence) - 
 - MANUAL QC GEN of U-Matic SP () true  - 
 - FILE_PRESENCE of U-Matic SP () true  -</subfield>
  </datafield>
  <datafield tag="583" ind1="1" ind2=" ">
    <subfield code="2">pda</subfield>
    <subfield code="3">U-Matic SP</subfield>
    <subfield code="5">SzGeCERN</subfield>
    <subfield code="6">WEEK19-public</subfield>
    <subfield code="8">5</subfield>
    <subfield code="a">digitized</subfield>
    <subfield code="b">C1V1: Composite\tSignal - U-Matic,\xc2\xa0U-Matic SP,\xc2\xa0VHS, 1 inch C, 1 inch B, Video , Betamax</subfield>
    <subfield code="c">20180116</subfield>
    <subfield code="f">CERN Digital Memory Project</subfield>
    <subfield code="f">public</subfield>
    <subfield code="i">CREATE-MARC-run20180626_115725</subfield>
    <subfield code="k">PICTURAE</subfield>
    <subfield code="l">CERN-Video-C-192-05</subfield>
    <subfield code="u">https://cds.cern.ch/record/2257246</subfield>
    <subfield code="x">- VISUAL INSPECTION TABLE timing: from 18/12/2017 11:13 to 18/12/2017 11:13 -
 - RTI VT 3100 timing: from 18/12/2017 11:13 to 18/12/2017 11:19 -
 - MAC-V022 timing: from 15/01/2018 18:57 to 15/01/2018 19:29 -
 - MANUAL QC GEN timing: from 15/01/2018 19:29 to 15/01/2018 19:29 -
 - MANUAL QC GEN timing: from 16/01/2018 20:38 to 16/01/2018 20:38 -
 - FILE_PRESENCE timing: from 16/01/2018 20:38 to 16/01/2018 20:38 -</subfield>
    <subfield code="z">- VISUAL INSPECTION TABLE of U-Matic SP () true  - 
 - RTI VT 3100 of U-Matic SP () true  - 
 - MAC-V022 of U-Matic SP () true Low RF, noisy picture | Audio present but not on all channels | Low audio level - poor quality - out of phase | No Audio Right Channel (silence) - 
 - MANUAL QC GEN of U-Matic SP () true  - 
 - MANUAL QC GEN of U-Matic SP () true  - 
 - FILE_PRESENCE of U-Matic SP () true  -</subfield>
  </datafield>
  <datafield tag="583" ind1="1" ind2=" ">
    <subfield code="2">pda</subfield>
    <subfield code="3">U-Matic SP</subfield>
    <subfield code="5">SzGeCERN</subfield>
    <subfield code="6">SzGeCERN</subfield>
    <subfield code="8">4</subfield>
    <subfield code="a">digitized</subfield>
    <subfield code="b">C1V1: Composite\tSignal - U-Matic, U-Matic SP, VHS, 1 inch C, 1 inch B, Video , Betamax</subfield>
    <subfield code="c">20180116</subfield>
    <subfield code="f">CERN Digital Memory Project</subfield>
    <subfield code="f">public</subfield>
    <subfield code="i">CREATE-MARC-run20180626_115725</subfield>
    <subfield code="k">PICTURAE</subfield>
    <subfield code="l">CERN-Video-C-192-04</subfield>
    <subfield code="u">https://cds.cern.ch/record/2257246</subfield>
  </datafield>
  <datafield tag="583" ind1="1" ind2=" ">
    <subfield code="2">pda</subfield>
    <subfield code="3">U-Matic SP</subfield>
    <subfield code="5">SzGeCERN</subfield>
    <subfield code="6">WEEK02-public</subfield>
    <subfield code="8">1</subfield>
    <subfield code="a">digitized</subfield>
    <subfield code="b">C1V1: Composite Signal - U-Matic, U-Matic SP, VHS, 1 inch C, 1 inch B, Video , Betamax</subfield>
    <subfield code="c">20171221</subfield>
    <subfield code="f">CERN Digital Memory Project</subfield>
    <subfield code="f">public</subfield>
    <subfield code="i">CREATE-MARC-run20180622_170151</subfield>
    <subfield code="k">PICTURAE</subfield>
    <subfield code="l">CERN-Video-C-192-1</subfield>
    <subfield code="u">https://cds.cern.ch/record/2257246</subfield>
  </datafield>
  <datafield tag="583" ind1="1" ind2=" ">
    <subfield code="2">pda</subfield>
    <subfield code="3">U-Matic SP</subfield>
    <subfield code="5">SzGeCERN</subfield>
    <subfield code="6">WEEK02-public</subfield>
    <subfield code="8">2</subfield>
    <subfield code="a">digitized</subfield>
    <subfield code="b">C1V1: Composite Signal - U-Matic, U-Matic SP, VHS, 1 inch C, 1 inch B, Video , Betamax</subfield>
    <subfield code="c">20171221</subfield>
    <subfield code="f">CERN Digital Memory Project</subfield>
    <subfield code="f">public</subfield>
    <subfield code="i">CREATE-MARC-run20180622_170151</subfield>
    <subfield code="k">PICTURAE</subfield>
    <subfield code="l">CERN-Video-C-192-2</subfield>
    <subfield code="u">https://cds.cern.ch/record/2257246</subfield>
  </datafield>
  <datafield tag="583" ind1="1" ind2=" ">
    <subfield code="2">pda</subfield>
    <subfield code="3">U-Matic SP</subfield>
    <subfield code="5">SzGeCERN</subfield>
    <subfield code="6">WEEK02-public</subfield>
    <subfield code="8">3</subfield>
    <subfield code="a">digitized</subfield>
    <subfield code="b">C1V1: Composite Signal - U-Matic, U-Matic SP, VHS, 1 inch C, 1 inch B, Video , Betamax</subfield>
    <subfield code="c">20171221</subfield>
    <subfield code="f">CERN Digital Memory Project</subfield>
    <subfield code="f">public</subfield>
    <subfield code="i">CREATE-MARC-run20180622_170151</subfield>
    <subfield code="k">PICTURAE</subfield>
    <subfield code="l">CERN-Video-C-192-3</subfield>
    <subfield code="u">https://cds.cern.ch/record/2257246</subfield>
  </datafield>
  <datafield tag="590" ind1=" " ind2=" ">
    <subfield code="8">10</subfield>
    <subfield code="9">review</subfield>
    <subfield code="a">Conf\xc3\xa9rences sur la mati\xc3\xa8re hadronique chaude, les collisions et la cr\xc3\xa9ation de particules</subfield>
  </datafield>
  <datafield tag="594" ind1=" " ind2=" ">
    <subfield code="9">review</subfield>
    <subfield code="a">Conference Speech</subfield>
  </datafield>
  <datafield tag="595" ind1=" " ind2=" ">
    <subfield code="a">SIS AUDIO2000</subfield>
  </datafield>
  <datafield tag="595" ind1=" " ind2=" ">
    <subfield code="a">VIDEO-SR</subfield>
  </datafield>
  <datafield tag="597" ind1=" " ind2=" ">
    <subfield code="8">8</subfield>
    <subfield code="9">review</subfield>
    <subfield code="a">Pas de video jusqu\'a 01:09</subfield>
  </datafield>
  <datafield tag="650" ind1="1" ind2="7">
    <subfield code="2">SzGeCERN</subfield>
    <subfield code="a">XX</subfield>
  </datafield>
  <datafield tag="650" ind1="2" ind2="7">
    <subfield code="9">review</subfield>
    <subfield code="a">Inside the lab</subfield>
  </datafield>
  <datafield tag="653" ind1="1" ind2=" ">
    <subfield code="8">10</subfield>
    <subfield code="9">review</subfield>
    <subfield code="a">hadronic matter</subfield>
  </datafield>
  <datafield tag="653" ind1="1" ind2=" ">
    <subfield code="8">10</subfield>
    <subfield code="9">review</subfield>
    <subfield code="a">particle physics</subfield>
  </datafield>
  <datafield tag="653" ind1="1" ind2=" ">
    <subfield code="8">10</subfield>
    <subfield code="9">review</subfield>
    <subfield code="a">experiments</subfield>
  </datafield>
  <datafield tag="653" ind1="1" ind2=" ">
    <subfield code="8">10</subfield>
    <subfield code="9">review</subfield>
    <subfield code="a">NATO</subfield>
  </datafield>
  <datafield tag="653" ind1="1" ind2=" ">
    <subfield code="8">10</subfield>
    <subfield code="9">review</subfield>
    <subfield code="a">conference</subfield>
  </datafield>
  <datafield tag="653" ind1="1" ind2=" ">
    <subfield code="8">10</subfield>
    <subfield code="9">review</subfield>
    <subfield code="a">particules</subfield>
  </datafield>
  <datafield tag="653" ind1="1" ind2=" ">
    <subfield code="8">10</subfield>
    <subfield code="9">review</subfield>
    <subfield code="a">collisions</subfield>
  </datafield>
  <datafield tag="690" ind1="C" ind2=" ">
    <subfield code="a">CERN</subfield>
  </datafield>
  <datafield tag="690" ind1="C" ind2=" ">
    <subfield code="a">TALK</subfield>
  </datafield>
  <datafield tag="690" ind1="C" ind2=" ">
    <subfield code="a">movingimages</subfield>
  </datafield>
  <datafield tag="690" ind1="C" ind2=" ">
    <subfield code="9">CERN QA</subfield>
    <subfield code="a">quality-controlled</subfield>
  </datafield>
  <datafield tag="690" ind1="C" ind2=" ">
    <subfield code="9">review</subfield>
    <subfield code="a">reviewed</subfield>
  </datafield>
  <datafield tag="710" ind1=" " ind2=" ">
    <subfield code="5">EP</subfield>
  </datafield>
  <datafield tag="787" ind1=" " ind2=" ">
    <subfield code="i">Conference</subfield>
    <subfield code="w">289860</subfield>
  </datafield>
  <datafield tag="852" ind1=" " ind2=" ">
    <subfield code="8">01</subfield>
    <subfield code="a">60</subfield>
    <subfield code="b">Z2741</subfield>
    <subfield code="c">CM-A00000313</subfield>
  </datafield>
  <datafield tag="852" ind1=" " ind2=" ">
    <subfield code="8">02</subfield>
    <subfield code="a">60</subfield>
    <subfield code="b">Z2741</subfield>
    <subfield code="c">CM-A00000313</subfield>
  </datafield>
  <datafield tag="852" ind1=" " ind2=" ">
    <subfield code="8">03</subfield>
    <subfield code="a">60</subfield>
    <subfield code="b">Z2741</subfield>
    <subfield code="c">CM-A00000313</subfield>
  </datafield>
  <datafield tag="852" ind1=" " ind2=" ">
    <subfield code="8">04</subfield>
    <subfield code="a">60</subfield>
    <subfield code="b">Z2741</subfield>
    <subfield code="c">CM-A00000313</subfield>
  </datafield>
  <datafield tag="852" ind1=" " ind2=" ">
    <subfield code="8">05</subfield>
    <subfield code="a">60</subfield>
    <subfield code="b">Z2741</subfield>
    <subfield code="c">CM-A00000313</subfield>
  </datafield>
  <datafield tag="852" ind1=" " ind2=" ">
    <subfield code="8">06</subfield>
    <subfield code="a">60</subfield>
    <subfield code="b">Z2741</subfield>
    <subfield code="c">CM-A00000313</subfield>
  </datafield>
  <datafield tag="852" ind1=" " ind2=" ">
    <subfield code="8">07</subfield>
    <subfield code="a">60</subfield>
    <subfield code="b">Z2741</subfield>
    <subfield code="c">CM-A00000313</subfield>
  </datafield>
  <datafield tag="852" ind1=" " ind2=" ">
    <subfield code="8">08</subfield>
    <subfield code="a">60</subfield>
    <subfield code="b">Z2741</subfield>
    <subfield code="c">CM-A00000313</subfield>
  </datafield>
  <datafield tag="852" ind1=" " ind2=" ">
    <subfield code="8">09</subfield>
    <subfield code="a">60</subfield>
    <subfield code="b">Z2741</subfield>
    <subfield code="c">CM-A00000313</subfield>
  </datafield>
  <datafield tag="852" ind1=" " ind2=" ">
    <subfield code="8">10</subfield>
    <subfield code="a">60</subfield>
    <subfield code="b">Z2741</subfield>
    <subfield code="c">CM-A00000313</subfield>
  </datafield>
  <datafield tag="852" ind1=" " ind2=" ">
    <subfield code="8">11</subfield>
    <subfield code="a">60</subfield>
    <subfield code="b">Z2741</subfield>
    <subfield code="c">CM-A00000313</subfield>
  </datafield>
  <datafield tag="852" ind1=" " ind2=" ">
    <subfield code="8">12</subfield>
    <subfield code="a">60</subfield>
    <subfield code="b">Z2741</subfield>
    <subfield code="c">CM-A00000313</subfield>
  </datafield>
  <datafield tag="852" ind1=" " ind2=" ">
    <subfield code="8">13</subfield>
    <subfield code="a">60</subfield>
    <subfield code="b">Z2741</subfield>
    <subfield code="c">CM-A00000313</subfield>
  </datafield>
  <datafield tag="852" ind1=" " ind2=" ">
    <subfield code="8">14</subfield>
    <subfield code="a">60</subfield>
    <subfield code="b">Z2741</subfield>
    <subfield code="c">CM-A00000313</subfield>
  </datafield>
  <datafield tag="852" ind1=" " ind2=" ">
    <subfield code="8">15</subfield>
    <subfield code="a">60</subfield>
    <subfield code="b">Z2741</subfield>
    <subfield code="c">CM-A00000313</subfield>
  </datafield>
  <datafield tag="852" ind1=" " ind2=" ">
    <subfield code="8">16</subfield>
    <subfield code="a">60</subfield>
    <subfield code="b">Z2741</subfield>
    <subfield code="c">CM-A00000313</subfield>
  </datafield>
  <datafield tag="852" ind1=" " ind2=" ">
    <subfield code="8">17</subfield>
    <subfield code="a">60</subfield>
    <subfield code="b">Z2741</subfield>
    <subfield code="c">CM-A00000313</subfield>
  </datafield>
  <datafield tag="852" ind1=" " ind2=" ">
    <subfield code="8">18</subfield>
    <subfield code="a">60</subfield>
    <subfield code="b">Z2741</subfield>
    <subfield code="c">CM-A00000313</subfield>
  </datafield>
  <datafield tag="852" ind1=" " ind2=" ">
    <subfield code="8">19</subfield>
    <subfield code="a">60</subfield>
    <subfield code="b">Z2741</subfield>
    <subfield code="c">CM-A00000313</subfield>
  </datafield>
  <datafield tag="852" ind1=" " ind2=" ">
    <subfield code="8">20</subfield>
    <subfield code="a">60</subfield>
    <subfield code="b">Z2741</subfield>
    <subfield code="c">CM-A00000313</subfield>
  </datafield>
  <datafield tag="852" ind1=" " ind2=" ">
    <subfield code="8">21</subfield>
    <subfield code="a">60</subfield>
    <subfield code="b">Z2741</subfield>
    <subfield code="c">CM-A00000313</subfield>
  </datafield>
  <datafield tag="852" ind1=" " ind2=" ">
    <subfield code="8">22</subfield>
    <subfield code="a">60</subfield>
    <subfield code="b">Z2741</subfield>
    <subfield code="c">CM-A00000313</subfield>
  </datafield>
  <datafield tag="852" ind1=" " ind2=" ">
    <subfield code="8">23</subfield>
    <subfield code="a">60</subfield>
    <subfield code="b">Z2741</subfield>
    <subfield code="c">CM-A00000313</subfield>
  </datafield>
  <datafield tag="852" ind1=" " ind2=" ">
    <subfield code="8">24</subfield>
    <subfield code="a">60</subfield>
    <subfield code="b">Z2741</subfield>
    <subfield code="c">CM-A00000313</subfield>
  </datafield>
  <datafield tag="852" ind1=" " ind2=" ">
    <subfield code="8">25</subfield>
    <subfield code="a">60</subfield>
    <subfield code="b">Z2741</subfield>
    <subfield code="c">CM-A00000313</subfield>
  </datafield>
  <datafield tag="852" ind1=" " ind2=" ">
    <subfield code="8">26</subfield>
    <subfield code="a">60</subfield>
    <subfield code="b">Z2741</subfield>
    <subfield code="c">CM-A00000313</subfield>
  </datafield>
  <datafield tag="852" ind1=" " ind2=" ">
    <subfield code="8">27</subfield>
    <subfield code="a">60</subfield>
    <subfield code="b">Z2741</subfield>
    <subfield code="c">CM-A00000313</subfield>
  </datafield>
  <datafield tag="852" ind1=" " ind2=" ">
    <subfield code="8">28</subfield>
    <subfield code="a">60</subfield>
    <subfield code="b">Z2741</subfield>
    <subfield code="c">CM-A00000313</subfield>
  </datafield>
  <datafield tag="852" ind1=" " ind2=" ">
    <subfield code="8">29</subfield>
    <subfield code="a">60</subfield>
    <subfield code="b">Z2741</subfield>
    <subfield code="c">CM-A00000313</subfield>
  </datafield>
  <datafield tag="852" ind1=" " ind2=" ">
    <subfield code="8">30</subfield>
    <subfield code="a">60</subfield>
    <subfield code="b">Z2741</subfield>
    <subfield code="c">CM-A00000313</subfield>
  </datafield>
  <datafield tag="852" ind1=" " ind2=" ">
    <subfield code="8">31</subfield>
    <subfield code="a">60</subfield>
    <subfield code="b">Z2741</subfield>
    <subfield code="c">CM-A00000313</subfield>
  </datafield>
  <datafield tag="852" ind1=" " ind2=" ">
    <subfield code="8">32</subfield>
    <subfield code="a">60</subfield>
    <subfield code="b">Z2741</subfield>
    <subfield code="c">CM-A00000313</subfield>
  </datafield>
  <datafield tag="852" ind1=" " ind2=" ">
    <subfield code="8">33</subfield>
    <subfield code="a">60</subfield>
    <subfield code="b">Z2741</subfield>
    <subfield code="c">CM-A00000313</subfield>
  </datafield>
  <datafield tag="852" ind1=" " ind2=" ">
    <subfield code="8">34</subfield>
    <subfield code="a">60</subfield>
    <subfield code="b">Z2741</subfield>
    <subfield code="c">CM-A00000313</subfield>
  </datafield>
  <datafield tag="852" ind1=" " ind2=" ">
    <subfield code="8">35</subfield>
    <subfield code="a">60</subfield>
    <subfield code="b">Z2741</subfield>
    <subfield code="c">CM-A00000313</subfield>
  </datafield>
  <datafield tag="852" ind1=" " ind2=" ">
    <subfield code="8">36</subfield>
    <subfield code="a">60</subfield>
    <subfield code="b">Z2741</subfield>
    <subfield code="c">CM-A00000313</subfield>
  </datafield>
  <datafield tag="852" ind1=" " ind2=" ">
    <subfield code="8">37</subfield>
    <subfield code="a">60</subfield>
    <subfield code="b">Z2741</subfield>
    <subfield code="c">CM-A00000313</subfield>
  </datafield>
  <datafield tag="852" ind1=" " ind2=" ">
    <subfield code="8">38</subfield>
    <subfield code="a">60</subfield>
    <subfield code="b">Z2741</subfield>
    <subfield code="c">CM-A00000313</subfield>
  </datafield>
  <datafield tag="852" ind1=" " ind2=" ">
    <subfield code="8">39</subfield>
    <subfield code="a">60</subfield>
    <subfield code="b">Z2741</subfield>
    <subfield code="c">CM-A00000313</subfield>
  </datafield>
  <datafield tag="852" ind1=" " ind2=" ">
    <subfield code="8">40</subfield>
    <subfield code="a">60</subfield>
    <subfield code="b">Z2741</subfield>
    <subfield code="c">CM-A00000313</subfield>
  </datafield>
  <datafield tag="856" ind1="4" ind2=" ">
    <subfield code="2">EOS</subfield>
    <subfield code="8">10</subfield>
    <subfield code="q">MP4</subfield>
    <subfield code="s">540248179</subfield>
    <subfield code="u">https://cern.ch/digital-memory/media-archive/video/open/mp4/423172-10.mp4</subfield>
    <subfield code="w">(PICTURAE:MD5)ac_C1V1_423172-10.mp4;946d47b31e29b96e44ccbb73fddfb5b9</subfield>
    <subfield code="y">Video-423172-10</subfield>
    <subfield code="z">mp4 video format (640x360)</subfield>
  </datafield>
  <datafield tag="856" ind1="4" ind2=" ">
    <subfield code="2">EOS</subfield>
    <subfield code="8">4</subfield>
    <subfield code="q">mp4</subfield>
    <subfield code="u">https://cern.ch/digital-memory/media-archive/video/open/mp4/423172-4.mp4</subfield>
    <subfield code="y">Video-423172-4</subfield>
    <subfield code="z">mp4 video format (640x360)</subfield>
  </datafield>
  <datafield tag="856" ind1="4" ind2=" ">
    <subfield code="2">EOS</subfield>
    <subfield code="8">12</subfield>
    <subfield code="q">MP4</subfield>
    <subfield code="s">571179064</subfield>
    <subfield code="u">https://cern.ch/digital-memory/media-archive/video/open/mp4/423172-12.mp4</subfield>
    <subfield code="w">(PICTURAE:MD5)ac_C1V1_423172-12.mp4;e2a5a27d06463e849f96600da9a93b29</subfield>
    <subfield code="y">Video-423172-12</subfield>
    <subfield code="z">mp4 video format (640x360)</subfield>
  </datafield>
  <datafield tag="856" ind1="4" ind2=" ">
    <subfield code="2">EOS</subfield>
    <subfield code="8">13</subfield>
    <subfield code="q">MP4</subfield>
    <subfield code="s">559260751</subfield>
    <subfield code="u">https://cern.ch/digital-memory/media-archive/video/open/mp4/423172-13.mp4</subfield>
    <subfield code="w">(PICTURAE:MD5)ac_C1V1_423172-13.mp4;871812080b61b4097ee64db934658cad</subfield>
    <subfield code="y">Video-423172-13</subfield>
    <subfield code="z">mp4 video format (640x360)</subfield>
  </datafield>
  <datafield tag="856" ind1="4" ind2=" ">
    <subfield code="2">EOS</subfield>
    <subfield code="8">14</subfield>
    <subfield code="q">MP4</subfield>
    <subfield code="s">402154312</subfield>
    <subfield code="u">https://cern.ch/digital-memory/media-archive/video/open/mp4/423172-14.mp4</subfield>
    <subfield code="w">(PICTURAE:MD5)ac_C1V1_423172-14.mp4;80f52fd0705ddcea89710d9dbd4a293b</subfield>
    <subfield code="y">Video-423172-14</subfield>
    <subfield code="z">mp4 video format (640x360)</subfield>
  </datafield>
  <datafield tag="856" ind1="4" ind2=" ">
    <subfield code="2">EOS</subfield>
    <subfield code="8">15</subfield>
    <subfield code="q">MP4</subfield>
    <subfield code="s">345039372</subfield>
    <subfield code="u">https://cern.ch/digital-memory/media-archive/video/open/mp4/423172-15.mp4</subfield>
    <subfield code="w">(PICTURAE:MD5)ac_C1V1_423172-15.mp4;0dc342ab02e19ca6022da2021b336bd4</subfield>
    <subfield code="y">Video-423172-15</subfield>
    <subfield code="z">mp4 video format (640x360)</subfield>
  </datafield>
  <datafield tag="856" ind1="4" ind2=" ">
    <subfield code="2">EOS</subfield>
    <subfield code="8">16</subfield>
    <subfield code="q">MP4</subfield>
    <subfield code="s">419028145</subfield>
    <subfield code="u">https://cern.ch/digital-memory/media-archive/video/open/mp4/423172-16.mp4</subfield>
    <subfield code="w">(PICTURAE:MD5)ac_C1V1_423172-16.mp4;ec87d8b39128b8d0b6e12acabb85cada</subfield>
    <subfield code="y">Video-423172-16</subfield>
    <subfield code="z">mp4 video format (640x360)</subfield>
  </datafield>
  <datafield tag="856" ind1="4" ind2=" ">
    <subfield code="2">EOS</subfield>
    <subfield code="8">17</subfield>
    <subfield code="q">MP4</subfield>
    <subfield code="s">532119798</subfield>
    <subfield code="u">https://cern.ch/digital-memory/media-archive/video/open/mp4/423172-17.mp4</subfield>
    <subfield code="w">(PICTURAE:MD5)ac_C1V1_423172-17.mp4;afd34ce4e9bca0188b9ada1d6acbc11f</subfield>
    <subfield code="y">Video-423172-17</subfield>
    <subfield code="z">mp4 video format (640x360)</subfield>
  </datafield>
  <datafield tag="856" ind1="4" ind2=" ">
    <subfield code="2">EOS</subfield>
    <subfield code="8">18</subfield>
    <subfield code="q">MP4</subfield>
    <subfield code="s">576133517</subfield>
    <subfield code="u">https://cern.ch/digital-memory/media-archive/video/open/mp4/423172-18.mp4</subfield>
    <subfield code="w">(PICTURAE:MD5)ac_C1V1_423172-18.mp4;2174a68550fd29a14779e743ccb1f61f</subfield>
    <subfield code="y">Video-423172-18</subfield>
    <subfield code="z">mp4 video format (640x360)</subfield>
  </datafield>
  <datafield tag="856" ind1="4" ind2=" ">
    <subfield code="2">EOS</subfield>
    <subfield code="8">19</subfield>
    <subfield code="q">MP4</subfield>
    <subfield code="s">451620886</subfield>
    <subfield code="u">https://cern.ch/digital-memory/media-archive/video/open/mp4/423172-19.mp4</subfield>
    <subfield code="w">(PICTURAE:MD5)ac_C1V1_423172-19.mp4;3f6cf353b8215f389c2ba530caa758af</subfield>
    <subfield code="y">Video-423172-19</subfield>
    <subfield code="z">mp4 video format (640x360)</subfield>
  </datafield>
  <datafield tag="856" ind1="4" ind2=" ">
    <subfield code="2">EOS</subfield>
    <subfield code="8">20</subfield>
    <subfield code="q">MP4</subfield>
    <subfield code="s">560629913</subfield>
    <subfield code="u">https://cern.ch/digital-memory/media-archive/video/open/mp4/423172-20.mp4</subfield>
    <subfield code="w">(PICTURAE:MD5)ac_C1V1_423172-20.mp4;594b6ba1329c0f5321840708b621cbb4</subfield>
    <subfield code="y">Video-423172-20</subfield>
    <subfield code="z">mp4 video format (640x360)</subfield>
  </datafield>
  <datafield tag="856" ind1="4" ind2=" ">
    <subfield code="2">EOS</subfield>
    <subfield code="8">21</subfield>
    <subfield code="q">MP4</subfield>
    <subfield code="s">432262648</subfield>
    <subfield code="u">https://cern.ch/digital-memory/media-archive/video/open/mp4/423172-21.mp4</subfield>
    <subfield code="w">(PICTURAE:MD5)ac_C1V1_423172-21.mp4;916ae1edc5c0a83dfb442de86ac4eede</subfield>
    <subfield code="y">Video-423172-21</subfield>
    <subfield code="z">mp4 video format (640x360)</subfield>
  </datafield>
  <datafield tag="856" ind1="4" ind2=" ">
    <subfield code="2">EOS</subfield>
    <subfield code="8">22</subfield>
    <subfield code="q">MP4</subfield>
    <subfield code="s">434061400</subfield>
    <subfield code="u">https://cern.ch/digital-memory/media-archive/video/open/mp4/423172-22.mp4</subfield>
    <subfield code="w">(PICTURAE:MD5)ac_C1V1_423172-22.mp4;70a40a8d2f7ef322caf96c1bd4bd2fc0</subfield>
    <subfield code="y">Video-423172-22</subfield>
    <subfield code="z">mp4 video format (640x360)</subfield>
  </datafield>
  <datafield tag="856" ind1="4" ind2=" ">
    <subfield code="2">EOS</subfield>
    <subfield code="8">24</subfield>
    <subfield code="q">MP4</subfield>
    <subfield code="s">263580914</subfield>
    <subfield code="u">https://cern.ch/digital-memory/media-archive/video/open/mp4/423172-24.mp4</subfield>
    <subfield code="w">(PICTURAE:MD5)ac_C1V1_423172-24.mp4;3122c5f8210947654d8053da442a4d1d</subfield>
    <subfield code="y">Video-423172-24</subfield>
    <subfield code="z">mp4 video format (640x360)</subfield>
  </datafield>
  <datafield tag="856" ind1="4" ind2=" ">
    <subfield code="2">EOS</subfield>
    <subfield code="8">25</subfield>
    <subfield code="q">MP4</subfield>
    <subfield code="s">453839282</subfield>
    <subfield code="u">https://cern.ch/digital-memory/media-archive/video/open/mp4/423172-25.mp4</subfield>
    <subfield code="w">(PICTURAE:MD5)ac_C1V1_423172-25.mp4;7f114754ba493a1d7b8a72d0ffb72898</subfield>
    <subfield code="y">Video-423172-25</subfield>
    <subfield code="z">mp4 video format (640x360)</subfield>
  </datafield>
  <datafield tag="856" ind1="4" ind2=" ">
    <subfield code="2">EOS</subfield>
    <subfield code="8">26</subfield>
    <subfield code="q">MP4</subfield>
    <subfield code="s">595351502</subfield>
    <subfield code="u">https://cern.ch/digital-memory/media-archive/video/open/mp4/423172-26.mp4</subfield>
    <subfield code="w">(PICTURAE:MD5)ac_C1V1_423172-26.mp4;1251813e08473bda27de6b9b460b1499</subfield>
    <subfield code="y">Video-423172-26</subfield>
    <subfield code="z">mp4 video format (640x360)</subfield>
  </datafield>
  <datafield tag="856" ind1="4" ind2=" ">
    <subfield code="2">EOS</subfield>
    <subfield code="8">27</subfield>
    <subfield code="q">MP4</subfield>
    <subfield code="s">504931285</subfield>
    <subfield code="u">https://cern.ch/digital-memory/media-archive/video/open/mp4/423172-27.mp4</subfield>
    <subfield code="w">(PICTURAE:MD5)ac_C1V1_423172-27.mp4;9cf618002f0b13873f428d81ce8b8cc3</subfield>
    <subfield code="y">Video-423172-27</subfield>
    <subfield code="z">mp4 video format (640x360)</subfield>
  </datafield>
  <datafield tag="856" ind1="4" ind2=" ">
    <subfield code="2">EOS</subfield>
    <subfield code="8">28</subfield>
    <subfield code="q">MP4</subfield>
    <subfield code="s">327514219</subfield>
    <subfield code="u">https://cern.ch/digital-memory/media-archive/video/open/mp4/423172-28.mp4</subfield>
    <subfield code="w">(PICTURAE:MD5)ac_C1V1_423172-28.mp4;463450bd32515b5ffd848c3eea02521f</subfield>
    <subfield code="y">Video-423172-28</subfield>
    <subfield code="z">mp4 video format (640x360)</subfield>
  </datafield>
  <datafield tag="856" ind1="4" ind2=" ">
    <subfield code="2">EOS</subfield>
    <subfield code="8">29</subfield>
    <subfield code="q">MP4</subfield>
    <subfield code="s">595794267</subfield>
    <subfield code="u">https://cern.ch/digital-memory/media-archive/video/open/mp4/423172-29.mp4</subfield>
    <subfield code="w">(PICTURAE:MD5)ac_C1V1_423172-29.mp4;5b11979509421cfcc5d30f3d2cb5dc35</subfield>
    <subfield code="y">Video-423172-29</subfield>
    <subfield code="z">mp4 video format (640x360)</subfield>
  </datafield>
  <datafield tag="856" ind1="4" ind2=" ">
    <subfield code="2">EOS</subfield>
    <subfield code="8">30</subfield>
    <subfield code="q">MP4</subfield>
    <subfield code="s">419986480</subfield>
    <subfield code="u">https://cern.ch/digital-memory/media-archive/video/open/mp4/423172-30.mp4</subfield>
    <subfield code="w">(PICTURAE:MD5)ac_C1V1_423172-30.mp4;1066fcb6bfd4f8a513058aa456c61f90</subfield>
    <subfield code="y">Video-423172-30</subfield>
    <subfield code="z">mp4 video format (640x360)</subfield>
  </datafield>
  <datafield tag="856" ind1="4" ind2=" ">
    <subfield code="2">EOS</subfield>
    <subfield code="8">31</subfield>
    <subfield code="q">MP4</subfield>
    <subfield code="s">398757347</subfield>
    <subfield code="u">https://cern.ch/digital-memory/media-archive/video/open/mp4/423172-31.mp4</subfield>
    <subfield code="w">(PICTURAE:MD5)ac_C1V1_423172-31.mp4;920fc30f426743c123c3af2c13bdac3e</subfield>
    <subfield code="y">Video-423172-31</subfield>
    <subfield code="z">mp4 video format (640x360)</subfield>
  </datafield>
  <datafield tag="856" ind1="4" ind2=" ">
    <subfield code="2">EOS</subfield>
    <subfield code="8">32</subfield>
    <subfield code="q">MP4</subfield>
    <subfield code="s">331907157</subfield>
    <subfield code="u">https://cern.ch/digital-memory/media-archive/video/open/mp4/423172-32.mp4</subfield>
    <subfield code="w">(PICTURAE:MD5)ac_C1V1_423172-32.mp4;7da3d7880de5bd91d8a9d6f52a0ca874</subfield>
    <subfield code="y">Video-423172-32</subfield>
    <subfield code="z">mp4 video format (640x360)</subfield>
  </datafield>
  <datafield tag="856" ind1="4" ind2=" ">
    <subfield code="2">EOS</subfield>
    <subfield code="8">33</subfield>
    <subfield code="q">MP4</subfield>
    <subfield code="s">590999960</subfield>
    <subfield code="u">https://cern.ch/digital-memory/media-archive/video/open/mp4/423172-33.mp4</subfield>
    <subfield code="w">(PICTURAE:MD5)ac_C1V1_423172-33.mp4;90cc2ce1463bc5d7fe1476299a05641b</subfield>
    <subfield code="y">Video-423172-33</subfield>
    <subfield code="z">mp4 video format (640x360)</subfield>
  </datafield>
  <datafield tag="856" ind1="4" ind2=" ">
    <subfield code="2">EOS</subfield>
    <subfield code="8">34</subfield>
    <subfield code="q">MP4</subfield>
    <subfield code="s">590361674</subfield>
    <subfield code="u">https://cern.ch/digital-memory/media-archive/video/open/mp4/423172-34.mp4</subfield>
    <subfield code="w">(PICTURAE:MD5)ac_C1V1_423172-34.mp4;a04dcf506f4037b70458c47a333caef4</subfield>
    <subfield code="y">Video-423172-34</subfield>
    <subfield code="z">mp4 video format (640x360)</subfield>
  </datafield>
  <datafield tag="856" ind1="4" ind2=" ">
    <subfield code="2">EOS</subfield>
    <subfield code="8">35</subfield>
    <subfield code="q">MP4</subfield>
    <subfield code="s">315419542</subfield>
    <subfield code="u">https://cern.ch/digital-memory/media-archive/video/open/mp4/423172-35.mp4</subfield>
    <subfield code="w">(PICTURAE:MD5)ac_C1V1_423172-35.mp4;e0795439205bbcf9a7887109557a7cae</subfield>
    <subfield code="y">Video-423172-35</subfield>
    <subfield code="z">mp4 video format (640x360)</subfield>
  </datafield>
  <datafield tag="856" ind1="4" ind2=" ">
    <subfield code="2">EOS</subfield>
    <subfield code="8">36</subfield>
    <subfield code="q">MP4</subfield>
    <subfield code="s">313925968</subfield>
    <subfield code="u">https://cern.ch/digital-memory/media-archive/video/open/mp4/423172-36.mp4</subfield>
    <subfield code="w">(PICTURAE:MD5)ac_C1V1_423172-36.mp4;2c203a43b2871c6df78a1a0b772862f9</subfield>
    <subfield code="y">Video-423172-36</subfield>
    <subfield code="z">mp4 video format (640x360)</subfield>
  </datafield>
  <datafield tag="856" ind1="4" ind2=" ">
    <subfield code="2">EOS</subfield>
    <subfield code="8">37</subfield>
    <subfield code="q">MP4</subfield>
    <subfield code="s">502079361</subfield>
    <subfield code="u">https://cern.ch/digital-memory/media-archive/video/open/mp4/423172-37.mp4</subfield>
    <subfield code="w">(PICTURAE:MD5)ac_C1V1_423172-37.mp4;fff19d775cfa15d995702b30f3c16a97</subfield>
    <subfield code="y">Video-423172-37</subfield>
    <subfield code="z">mp4 video format (640x360)</subfield>
  </datafield>
  <datafield tag="856" ind1="4" ind2=" ">
    <subfield code="2">EOS</subfield>
    <subfield code="8">38</subfield>
    <subfield code="q">MP4</subfield>
    <subfield code="s">542774385</subfield>
    <subfield code="u">https://cern.ch/digital-memory/media-archive/video/open/mp4/423172-38.mp4</subfield>
    <subfield code="w">(PICTURAE:MD5)ac_C1V1_423172-38.mp4;446ba88008060933c5febaff338d580f</subfield>
    <subfield code="y">Video-423172-38</subfield>
    <subfield code="z">mp4 video format (640x360)</subfield>
  </datafield>
  <datafield tag="856" ind1="4" ind2=" ">
    <subfield code="2">EOS</subfield>
    <subfield code="8">39</subfield>
    <subfield code="q">MP4</subfield>
    <subfield code="s">484086067</subfield>
    <subfield code="u">https://cern.ch/digital-memory/media-archive/video/open/mp4/423172-39.mp4</subfield>
    <subfield code="w">(PICTURAE:MD5)ac_C1V1_423172-39.mp4;8641b2bb624e5d6e82d5b73667d0c7b1</subfield>
    <subfield code="y">Video-423172-39</subfield>
    <subfield code="z">mp4 video format (640x360)</subfield>
  </datafield>
  <datafield tag="856" ind1="4" ind2=" ">
    <subfield code="2">EOS</subfield>
    <subfield code="8">40</subfield>
    <subfield code="q">MP4</subfield>
    <subfield code="s">211096538</subfield>
    <subfield code="u">https://cern.ch/digital-memory/media-archive/video/open/mp4/423172-40.mp4</subfield>
    <subfield code="w">(PICTURAE:MD5)ac_C1V1_423172-40.mp4;dacb4595dd925c06fca12aead65d9847</subfield>
    <subfield code="y">Video-423172-40</subfield>
    <subfield code="z">mp4 video format (640x360)</subfield>
  </datafield>
  <datafield tag="856" ind1="4" ind2=" ">
    <subfield code="2">EOS</subfield>
    <subfield code="8">7</subfield>
    <subfield code="q">MP4</subfield>
    <subfield code="s">314594121</subfield>
    <subfield code="u">https://cern.ch/digital-memory/media-archive/video/open/mp4/423172-7.mp4</subfield>
    <subfield code="w">(PICTURAE:MD5)ac_C1V1_423172-7.mp4;d6835be1d1a2b2ee69eb32e62d719c43</subfield>
    <subfield code="y">Video-423172-7</subfield>
    <subfield code="z">mp4 video format (640x360)</subfield>
  </datafield>
  <datafield tag="856" ind1="4" ind2=" ">
    <subfield code="2">EOS</subfield>
    <subfield code="8">8</subfield>
    <subfield code="q">MP4</subfield>
    <subfield code="s">570529803</subfield>
    <subfield code="u">https://cern.ch/digital-memory/media-archive/video/open/mp4/423172-8.mp4</subfield>
    <subfield code="w">(PICTURAE:MD5)ac_C1V1_423172-8.mp4;d157db8472743f12576f70ba306dab18</subfield>
    <subfield code="y">Video-423172-8</subfield>
    <subfield code="z">mp4 video format (640x360)</subfield>
  </datafield>
  <datafield tag="856" ind1="4" ind2=" ">
    <subfield code="2">EOS</subfield>
    <subfield code="8">9</subfield>
    <subfield code="q">MP4</subfield>
    <subfield code="s">584378770</subfield>
    <subfield code="u">https://cern.ch/digital-memory/media-archive/video/open/mp4/423172-9.mp4</subfield>
    <subfield code="w">(PICTURAE:MD5)ac_C1V1_423172-9.mp4;f28837dbad5da70533c5d03720e7b892</subfield>
    <subfield code="y">Video-423172-9</subfield>
    <subfield code="z">mp4 video format (640x360)</subfield>
  </datafield>
  <datafield tag="856" ind1="4" ind2=" ">
    <subfield code="2">EOS</subfield>
    <subfield code="8">23</subfield>
    <subfield code="q">MP4</subfield>
    <subfield code="s">376658416</subfield>
    <subfield code="u">https://cern.ch/digital-memory/media-archive/video/open/mp4/423172-23.mp4</subfield>
    <subfield code="w">(PICTURAE:MD5)ac_C1V1_423172-23_tmp.mp4;ad9189953a869e7b1aa86c7e89e2afcb</subfield>
    <subfield code="y">Video-423172-23</subfield>
    <subfield code="z">mp4 video format (640x360)</subfield>
  </datafield>
  <datafield tag="856" ind1="4" ind2=" ">
    <subfield code="2">EOS</subfield>
    <subfield code="8">6</subfield>
    <subfield code="q">MP4</subfield>
    <subfield code="s">532470784</subfield>
    <subfield code="u">https://cern.ch/digital-memory/media-archive/video/open/mp4/423172-6.mp4</subfield>
    <subfield code="w">(PICTURAE:MD5)ac_C1V1_423172-6.mp4;240b9e25def0d381d69af08d2602fed2</subfield>
    <subfield code="y">Video-423172-6</subfield>
    <subfield code="z">mp4 video format (640x360)</subfield>
  </datafield>
  <datafield tag="856" ind1="4" ind2=" ">
    <subfield code="2">EOS</subfield>
    <subfield code="8">5</subfield>
    <subfield code="q">MP4</subfield>
    <subfield code="s">245167241</subfield>
    <subfield code="u">https://cern.ch/digital-memory/media-archive/video/open/mp4/423172-5.mp4</subfield>
    <subfield code="w">(PICTURAE:MD5)ac_C1V1_423172-5.mp4;e11e9b680e5ca808548bb936f27d8847</subfield>
    <subfield code="y">Video-423172-5</subfield>
    <subfield code="z">mp4 video format (640x360)</subfield>
  </datafield>
  <datafield tag="856" ind1="4" ind2=" ">
    <subfield code="2">EOS</subfield>
    <subfield code="8">1</subfield>
    <subfield code="q">MP4</subfield>
    <subfield code="u">https://cern.ch/digital-memory/media-archive/video/open/mp4/423172-1.mp4</subfield>
    <subfield code="y">Video-423172-1</subfield>
    <subfield code="z">mp4 video format (640x360)</subfield>
  </datafield>
  <datafield tag="856" ind1="4" ind2=" ">
    <subfield code="2">EOS</subfield>
    <subfield code="8">2</subfield>
    <subfield code="q">MP4</subfield>
    <subfield code="u">https://cern.ch/digital-memory/media-archive/video/open/mp4/423172-2.mp4</subfield>
    <subfield code="y">Video-423172-2</subfield>
    <subfield code="z">mp4 video format (640x360)</subfield>
  </datafield>
  <datafield tag="856" ind1="4" ind2=" ">
    <subfield code="2">EOS</subfield>
    <subfield code="8">3</subfield>
    <subfield code="q">MP4</subfield>
    <subfield code="u">https://cern.ch/digital-memory/media-archive/video/open/mp4/423172-3.mp4</subfield>
    <subfield code="y">Video-423172-3</subfield>
    <subfield code="z">mp4 video format (640x360)</subfield>
  </datafield>
  <datafield tag="856" ind1="7" ind2=" ">
    <subfield code="2">EOS</subfield>
    <subfield code="8">10</subfield>
    <subfield code="d">/eos/media/cds/public/www/digital-memory/media-archive/video/open/mkv/423172-10.mkv</subfield>
    <subfield code="q">MKV</subfield>
    <subfield code="s">27937697142</subfield>
    <subfield code="w">(PICTURAE:MD5)pm_C1V1_423172-10.mkv;04107ccc54e6e702893d804a0ec7da35</subfield>
  </datafield>
  <datafield tag="856" ind1="7" ind2=" ">
    <subfield code="2">EOS</subfield>
    <subfield code="8">10</subfield>
    <subfield code="d">/eos/media/cds/public/www/digital-memory/media-archive/video/open/mov/423172-10.mov</subfield>
    <subfield code="q">MOV</subfield>
    <subfield code="s">12097605990</subfield>
    <subfield code="w">(PICTURAE:MD5)am_C1V1_423172-10.mov;6bf332690b7cff2e1091ee9582f9290f</subfield>
  </datafield>
  <datafield tag="856" ind1="7" ind2=" ">
    <subfield code="2">EOS</subfield>
    <subfield code="8">12</subfield>
    <subfield code="d">/eos/media/cds/public/www/digital-memory/media-archive/video/open/mkv/423172-12.mkv</subfield>
    <subfield code="q">MKV</subfield>
    <subfield code="s">43460591537</subfield>
    <subfield code="w">(PICTURAE:MD5)pm_C1V1_423172-12.mkv;ed45cb0321e09d691c71f416df8150c4</subfield>
  </datafield>
  <datafield tag="856" ind1="7" ind2=" ">
    <subfield code="2">EOS</subfield>
    <subfield code="8">12</subfield>
    <subfield code="d">/eos/media/cds/public/www/digital-memory/media-archive/video/open/mov/423172-12.mov</subfield>
    <subfield code="q">MOV</subfield>
    <subfield code="s">13867597977</subfield>
    <subfield code="w">(PICTURAE:MD5)am_C1V1_423172-12.mov;af65f9ad366a35dd6c363bdff4c75c70</subfield>
  </datafield>
  <datafield tag="856" ind1="7" ind2=" ">
    <subfield code="2">EOS</subfield>
    <subfield code="8">13</subfield>
    <subfield code="d">/eos/media/cds/public/www/digital-memory/media-archive/video/open/mkv/423172-13.mkv</subfield>
    <subfield code="q">MKV</subfield>
    <subfield code="s">29051165168</subfield>
    <subfield code="w">(PICTURAE:MD5)pm_C1V1_423172-13.mkv;5b79f1ce622bf4b7d2ec80b550dfa850</subfield>
  </datafield>
  <datafield tag="856" ind1="7" ind2=" ">
    <subfield code="2">EOS</subfield>
    <subfield code="8">13</subfield>
    <subfield code="d">/eos/media/cds/public/www/digital-memory/media-archive/video/open/mov/423172-13.mov</subfield>
    <subfield code="q">MOV</subfield>
    <subfield code="s">12745649289</subfield>
    <subfield code="w">(PICTURAE:MD5)am_C1V1_423172-13.mov;b40d53425576295bc422a0ae38f7a558</subfield>
  </datafield>
  <datafield tag="856" ind1="7" ind2=" ">
    <subfield code="2">EOS</subfield>
    <subfield code="8">14</subfield>
    <subfield code="d">/eos/media/cds/public/www/digital-memory/media-archive/video/open/mkv/423172-14.mkv</subfield>
    <subfield code="q">MKV</subfield>
    <subfield code="s">30768110752</subfield>
    <subfield code="w">(PICTURAE:MD5)pm_C1V1_423172-14.mkv;42bb10af603d71b0fc78ec320c5cbb4e</subfield>
  </datafield>
  <datafield tag="856" ind1="7" ind2=" ">
    <subfield code="2">EOS</subfield>
    <subfield code="8">14</subfield>
    <subfield code="d">/eos/media/cds/public/www/digital-memory/media-archive/video/open/mov/423172-14.mov</subfield>
    <subfield code="q">MOV</subfield>
    <subfield code="s">9932818182</subfield>
    <subfield code="w">(PICTURAE:MD5)am_C1V1_423172-14.mov;63f574538912cc9ad9f25e390c792e44</subfield>
  </datafield>
  <datafield tag="856" ind1="7" ind2=" ">
    <subfield code="2">EOS</subfield>
    <subfield code="8">15</subfield>
    <subfield code="d">/eos/media/cds/public/www/digital-memory/media-archive/video/open/mkv/423172-15.mkv</subfield>
    <subfield code="q">MKV</subfield>
    <subfield code="s">24548981512</subfield>
    <subfield code="w">(PICTURAE:MD5)pm_C1V1_423172-15.mkv;5f0ff2ad65726570f41c404f95a77cbe</subfield>
  </datafield>
  <datafield tag="856" ind1="7" ind2=" ">
    <subfield code="2">EOS</subfield>
    <subfield code="8">15</subfield>
    <subfield code="d">/eos/media/cds/public/www/digital-memory/media-archive/video/open/mov/423172-15.mov</subfield>
    <subfield code="q">MOV</subfield>
    <subfield code="s">8495607042</subfield>
    <subfield code="w">(PICTURAE:MD5)am_C1V1_423172-15.mov;17297f62b5528c60112a525761fc5ff2</subfield>
  </datafield>
  <datafield tag="856" ind1="7" ind2=" ">
    <subfield code="2">EOS</subfield>
    <subfield code="8">16</subfield>
    <subfield code="d">/eos/media/cds/public/www/digital-memory/media-archive/video/open/mkv/423172-16.mkv</subfield>
    <subfield code="q">MKV</subfield>
    <subfield code="s">31576753653</subfield>
    <subfield code="w">(PICTURAE:MD5)pm_C1V1_423172-16.mkv;8671c8fd26c2716e15748957aec26d57</subfield>
  </datafield>
  <datafield tag="856" ind1="7" ind2=" ">
    <subfield code="2">EOS</subfield>
    <subfield code="8">16</subfield>
    <subfield code="d">/eos/media/cds/public/www/digital-memory/media-archive/video/open/mov/423172-16.mov</subfield>
    <subfield code="q">MOV</subfield>
    <subfield code="s">10403615723</subfield>
    <subfield code="w">(PICTURAE:MD5)am_C1V1_423172-16.mov;322855b0433b7c7ce094f8a19e8f5220</subfield>
  </datafield>
  <datafield tag="856" ind1="7" ind2=" ">
    <subfield code="2">EOS</subfield>
    <subfield code="8">17</subfield>
    <subfield code="d">/eos/media/cds/public/www/digital-memory/media-archive/video/open/mkv/423172-17.mkv</subfield>
    <subfield code="q">MKV</subfield>
    <subfield code="s">27600533637</subfield>
    <subfield code="w">(PICTURAE:MD5)pm_C1V1_423172-17.mkv;adc416c43c2e1f261d9af6039d63c701</subfield>
  </datafield>
  <datafield tag="856" ind1="7" ind2=" ">
    <subfield code="2">EOS</subfield>
    <subfield code="8">17</subfield>
    <subfield code="d">/eos/media/cds/public/www/digital-memory/media-archive/video/open/mov/423172-17.mov</subfield>
    <subfield code="q">MOV</subfield>
    <subfield code="s">12293138664</subfield>
    <subfield code="w">(PICTURAE:MD5)am_C1V1_423172-17.mov;e78038f8a33132d889aa829217d940ee</subfield>
  </datafield>
  <datafield tag="856" ind1="7" ind2=" ">
    <subfield code="2">EOS</subfield>
    <subfield code="8">18</subfield>
    <subfield code="d">/eos/media/cds/public/www/digital-memory/media-archive/video/open/mkv/423172-18.mkv</subfield>
    <subfield code="q">MKV</subfield>
    <subfield code="s">29741249145</subfield>
    <subfield code="w">(PICTURAE:MD5)pm_C1V1_423172-18.mkv;e3ae97e232e7e33e90759828ff7d9936</subfield>
  </datafield>
  <datafield tag="856" ind1="7" ind2=" ">
    <subfield code="2">EOS</subfield>
    <subfield code="8">18</subfield>
    <subfield code="d">/eos/media/cds/public/www/digital-memory/media-archive/video/open/mov/423172-18.mov</subfield>
    <subfield code="q">MOV</subfield>
    <subfield code="s">13235569054</subfield>
    <subfield code="w">(PICTURAE:MD5)am_C1V1_423172-18.mov;0eaee81a76e556f3f552557a1011761b</subfield>
  </datafield>
  <datafield tag="856" ind1="7" ind2=" ">
    <subfield code="2">EOS</subfield>
    <subfield code="8">19</subfield>
    <subfield code="d">/eos/media/cds/public/www/digital-memory/media-archive/video/open/mkv/423172-19.mkv</subfield>
    <subfield code="q">MKV</subfield>
    <subfield code="s">34674146572</subfield>
    <subfield code="w">(PICTURAE:MD5)pm_C1V1_423172-19.mkv;ac17cdb806b7c501b1ee009cbec88592</subfield>
  </datafield>
  <datafield tag="856" ind1="7" ind2=" ">
    <subfield code="2">EOS</subfield>
    <subfield code="8">19</subfield>
    <subfield code="d">/eos/media/cds/public/www/digital-memory/media-archive/video/open/mov/423172-19.mov</subfield>
    <subfield code="q">MOV</subfield>
    <subfield code="s">11192410406</subfield>
    <subfield code="w">(PICTURAE:MD5)am_C1V1_423172-19.mov;638b3d9f2a8311cf5ecaba85806c30d6</subfield>
  </datafield>
  <datafield tag="856" ind1="7" ind2=" ">
    <subfield code="2">EOS</subfield>
    <subfield code="8">20</subfield>
    <subfield code="d">/eos/media/cds/public/www/digital-memory/media-archive/video/open/mkv/423172-20.mkv</subfield>
    <subfield code="q">MKV</subfield>
    <subfield code="s">42643027764</subfield>
    <subfield code="w">(PICTURAE:MD5)pm_C1V1_423172-20.mkv;9cdff572758191f60234512f28e2c5ea</subfield>
  </datafield>
  <datafield tag="856" ind1="7" ind2=" ">
    <subfield code="2">EOS</subfield>
    <subfield code="8">20</subfield>
    <subfield code="d">/eos/media/cds/public/www/digital-memory/media-archive/video/open/mov/423172-20.mov</subfield>
    <subfield code="q">MOV</subfield>
    <subfield code="s">13863537515</subfield>
    <subfield code="w">(PICTURAE:MD5)am_C1V1_423172-20.mov;5a758854457e2417d4cd3d7d404e2990</subfield>
  </datafield>
  <datafield tag="856" ind1="7" ind2=" ">
    <subfield code="2">EOS</subfield>
    <subfield code="8">21</subfield>
    <subfield code="d">/eos/media/cds/public/www/digital-memory/media-archive/video/open/mkv/423172-21.mkv</subfield>
    <subfield code="q">MKV</subfield>
    <subfield code="s">32715364032</subfield>
    <subfield code="w">(PICTURAE:MD5)pm_C1V1_423172-21.mkv;69b28adb08f781a7e3dc6b73e20ce6a0</subfield>
  </datafield>
  <datafield tag="856" ind1="7" ind2=" ">
    <subfield code="2">EOS</subfield>
    <subfield code="8">21</subfield>
    <subfield code="d">/eos/media/cds/public/www/digital-memory/media-archive/video/open/mov/423172-21.mov</subfield>
    <subfield code="q">MOV</subfield>
    <subfield code="s">10486883877</subfield>
    <subfield code="w">(PICTURAE:MD5)am_C1V1_423172-21.mov;9878a4c4da5cccd9f7b365b09af8e61f</subfield>
  </datafield>
  <datafield tag="856" ind1="7" ind2=" ">
    <subfield code="2">EOS</subfield>
    <subfield code="8">22</subfield>
    <subfield code="d">/eos/media/cds/public/www/digital-memory/media-archive/video/open/mkv/423172-22.mkv</subfield>
    <subfield code="q">MKV</subfield>
    <subfield code="s">35727641743</subfield>
    <subfield code="w">(PICTURAE:MD5)pm_C1V1_423172-22.mkv;5b7c96e098ab870dc043bc5f2500c8f8</subfield>
  </datafield>
  <datafield tag="856" ind1="7" ind2=" ">
    <subfield code="2">EOS</subfield>
    <subfield code="8">22</subfield>
    <subfield code="d">/eos/media/cds/public/www/digital-memory/media-archive/video/open/mov/423172-22.mov</subfield>
    <subfield code="q">MOV</subfield>
    <subfield code="s">10587754721</subfield>
    <subfield code="w">(PICTURAE:MD5)am_C1V1_423172-22.mov;dba2ce520f6c90605df18ea471d0f37d</subfield>
  </datafield>
  <datafield tag="856" ind1="7" ind2=" ">
    <subfield code="2">EOS</subfield>
    <subfield code="8">24</subfield>
    <subfield code="d">/eos/media/cds/public/www/digital-memory/media-archive/video/open/mkv/423172-24.mkv</subfield>
    <subfield code="q">MKV</subfield>
    <subfield code="s">18658492647</subfield>
    <subfield code="w">(PICTURAE:MD5)pm_C1V1_423172-24.mkv;66493af83663b63b515d56f506179899</subfield>
  </datafield>
  <datafield tag="856" ind1="7" ind2=" ">
    <subfield code="2">EOS</subfield>
    <subfield code="8">24</subfield>
    <subfield code="d">/eos/media/cds/public/www/digital-memory/media-archive/video/open/mov/423172-24.mov</subfield>
    <subfield code="q">MOV</subfield>
    <subfield code="s">6486868785</subfield>
    <subfield code="w">(PICTURAE:MD5)am_C1V1_423172-24.mov;991cc70f331caf7b96e8103387423ce4</subfield>
  </datafield>
  <datafield tag="856" ind1="7" ind2=" ">
    <subfield code="2">EOS</subfield>
    <subfield code="8">25</subfield>
    <subfield code="d">/eos/media/cds/public/www/digital-memory/media-archive/video/open/mkv/423172-25.mkv</subfield>
    <subfield code="q">MKV</subfield>
    <subfield code="s">32106368510</subfield>
    <subfield code="w">(PICTURAE:MD5)pm_C1V1_423172-25.mkv;1ec757f49c7916e8954ced5b6028a989</subfield>
  </datafield>
  <datafield tag="856" ind1="7" ind2=" ">
    <subfield code="2">EOS</subfield>
    <subfield code="8">25</subfield>
    <subfield code="d">/eos/media/cds/public/www/digital-memory/media-archive/video/open/mov/423172-25.mov</subfield>
    <subfield code="q">MOV</subfield>
    <subfield code="s">11217307452</subfield>
    <subfield code="w">(PICTURAE:MD5)am_C1V1_423172-25.mov;896b0532995aac7a15830c79f8559ca1</subfield>
  </datafield>
  <datafield tag="856" ind1="7" ind2=" ">
    <subfield code="2">EOS</subfield>
    <subfield code="8">26</subfield>
    <subfield code="d">/eos/media/cds/public/www/digital-memory/media-archive/video/open/mkv/423172-26.mkv</subfield>
    <subfield code="q">MKV</subfield>
    <subfield code="s">42872593518</subfield>
    <subfield code="w">(PICTURAE:MD5)pm_C1V1_423172-26.mkv;fb7f0946bdea0e562d9b9bd6172e273b</subfield>
  </datafield>
  <datafield tag="856" ind1="7" ind2=" ">
    <subfield code="2">EOS</subfield>
    <subfield code="8">26</subfield>
    <subfield code="d">/eos/media/cds/public/www/digital-memory/media-archive/video/open/mov/423172-26.mov</subfield>
    <subfield code="q">MOV</subfield>
    <subfield code="s">14371163462</subfield>
    <subfield code="w">(PICTURAE:MD5)am_C1V1_423172-26.mov;d1084206a3f2488692eccca3d59f3eb2</subfield>
  </datafield>
  <datafield tag="856" ind1="7" ind2=" ">
    <subfield code="2">EOS</subfield>
    <subfield code="8">27</subfield>
    <subfield code="d">/eos/media/cds/public/www/digital-memory/media-archive/video/open/mkv/423172-27.mkv</subfield>
    <subfield code="q">MKV</subfield>
    <subfield code="s">26585726723</subfield>
    <subfield code="w">(PICTURAE:MD5)pm_C1V1_423172-27.mkv;0c57857299dc6a582690dc046b3fab9a</subfield>
  </datafield>
  <datafield tag="856" ind1="7" ind2=" ">
    <subfield code="2">EOS</subfield>
    <subfield code="8">27</subfield>
    <subfield code="d">/eos/media/cds/public/www/digital-memory/media-archive/video/open/mov/423172-27.mov</subfield>
    <subfield code="q">MOV</subfield>
    <subfield code="s">11791902835</subfield>
    <subfield code="w">(PICTURAE:MD5)am_C1V1_423172-27.mov;86e6ea76a2d584f7fe035ec77262ea5f</subfield>
  </datafield>
  <datafield tag="856" ind1="7" ind2=" ">
    <subfield code="2">EOS</subfield>
    <subfield code="8">28</subfield>
    <subfield code="d">/eos/media/cds/public/www/digital-memory/media-archive/video/open/mkv/423172-28.mkv</subfield>
    <subfield code="q">MKV</subfield>
    <subfield code="s">16958358765</subfield>
    <subfield code="w">(PICTURAE:MD5)pm_C1V1_423172-28.mkv;13b3ef4fa821cd5ba2d34ae62fde2bc4</subfield>
  </datafield>
  <datafield tag="856" ind1="7" ind2=" ">
    <subfield code="2">EOS</subfield>
    <subfield code="8">28</subfield>
    <subfield code="d">/eos/media/cds/public/www/digital-memory/media-archive/video/open/mov/423172-28.mov</subfield>
    <subfield code="q">MOV</subfield>
    <subfield code="s">7579035657</subfield>
    <subfield code="w">(PICTURAE:MD5)am_C1V1_423172-28.mov;a8ab81097cf0d2d9bf14d03621c97044</subfield>
  </datafield>
  <datafield tag="856" ind1="7" ind2=" ">
    <subfield code="2">EOS</subfield>
    <subfield code="8">29</subfield>
    <subfield code="d">/eos/media/cds/public/www/digital-memory/media-archive/video/open/mkv/423172-29.mkv</subfield>
    <subfield code="q">MKV</subfield>
    <subfield code="s">41911544748</subfield>
    <subfield code="w">(PICTURAE:MD5)pm_C1V1_423172-29.mkv;9413feab6740a1bf80ffa76dd1f27710</subfield>
  </datafield>
  <datafield tag="856" ind1="7" ind2=" ">
    <subfield code="2">EOS</subfield>
    <subfield code="8">29</subfield>
    <subfield code="d">/eos/media/cds/public/www/digital-memory/media-archive/video/open/mov/423172-29.mov</subfield>
    <subfield code="q">MOV</subfield>
    <subfield code="s">14329948340</subfield>
    <subfield code="w">(PICTURAE:MD5)am_C1V1_423172-29.mov;8b5f2447155dc06c6c91a7facb33bc64</subfield>
  </datafield>
  <datafield tag="856" ind1="7" ind2=" ">
    <subfield code="2">EOS</subfield>
    <subfield code="8">30</subfield>
    <subfield code="d">/eos/media/cds/public/www/digital-memory/media-archive/video/open/mkv/423172-30.mkv</subfield>
    <subfield code="q">MKV</subfield>
    <subfield code="s">21638102185</subfield>
    <subfield code="w">(PICTURAE:MD5)pm_C1V1_423172-30.mkv;58b1ad665b19c2c52a2296faf14f4969</subfield>
  </datafield>
  <datafield tag="856" ind1="7" ind2=" ">
    <subfield code="2">EOS</subfield>
    <subfield code="8">30</subfield>
    <subfield code="d">/eos/media/cds/public/www/digital-memory/media-archive/video/open/mov/423172-30.mov</subfield>
    <subfield code="q">MOV</subfield>
    <subfield code="s">9615911294</subfield>
    <subfield code="w">(PICTURAE:MD5)am_C1V1_423172-30.mov;618f2de43a0de4ac3186e66461049af6</subfield>
  </datafield>
  <datafield tag="856" ind1="7" ind2=" ">
    <subfield code="2">EOS</subfield>
    <subfield code="8">31</subfield>
    <subfield code="d">/eos/media/cds/public/www/digital-memory/media-archive/video/open/mkv/423172-31.mkv</subfield>
    <subfield code="q">MKV</subfield>
    <subfield code="s">28879462351</subfield>
    <subfield code="w">(PICTURAE:MD5)pm_C1V1_423172-31.mkv;31359b3a6d86172345203e3b1013d529</subfield>
  </datafield>
  <datafield tag="856" ind1="7" ind2=" ">
    <subfield code="2">EOS</subfield>
    <subfield code="8">31</subfield>
    <subfield code="d">/eos/media/cds/public/www/digital-memory/media-archive/video/open/mov/423172-31.mov</subfield>
    <subfield code="q">MOV</subfield>
    <subfield code="s">9794335713</subfield>
    <subfield code="w">(PICTURAE:MD5)am_C1V1_423172-31.mov;903c989dba80939e435138dba2bd3e8b</subfield>
  </datafield>
  <datafield tag="856" ind1="7" ind2=" ">
    <subfield code="2">EOS</subfield>
    <subfield code="8">32</subfield>
    <subfield code="d">/eos/media/cds/public/www/digital-memory/media-archive/video/open/mkv/423172-32.mkv</subfield>
    <subfield code="q">MKV</subfield>
    <subfield code="s">24245265699</subfield>
    <subfield code="w">(PICTURAE:MD5)pm_C1V1_423172-32.mkv;caa7a5afea2d195faf08e2bd63adeab5</subfield>
  </datafield>
  <datafield tag="856" ind1="7" ind2=" ">
    <subfield code="2">EOS</subfield>
    <subfield code="8">32</subfield>
    <subfield code="d">/eos/media/cds/public/www/digital-memory/media-archive/video/open/mov/423172-32.mov</subfield>
    <subfield code="q">MOV</subfield>
    <subfield code="s">8014112460</subfield>
    <subfield code="w">(PICTURAE:MD5)am_C1V1_423172-32.mov;0ffb417c285c4f081ad77f778a7a13a4</subfield>
  </datafield>
  <datafield tag="856" ind1="7" ind2=" ">
    <subfield code="2">EOS</subfield>
    <subfield code="8">33</subfield>
    <subfield code="d">/eos/media/cds/public/www/digital-memory/media-archive/video/open/mkv/423172-33.mkv</subfield>
    <subfield code="q">MKV</subfield>
    <subfield code="s">30731140764</subfield>
    <subfield code="w">(PICTURAE:MD5)pm_C1V1_423172-33.mkv;1d2414b6fe17d5f69df0774d0ad4290b</subfield>
  </datafield>
  <datafield tag="856" ind1="7" ind2=" ">
    <subfield code="2">EOS</subfield>
    <subfield code="8">33</subfield>
    <subfield code="d">/eos/media/cds/public/www/digital-memory/media-archive/video/open/mov/423172-33.mov</subfield>
    <subfield code="q">MOV</subfield>
    <subfield code="s">13645577658</subfield>
    <subfield code="w">(PICTURAE:MD5)am_C1V1_423172-33.mov;6daa60c015fa39e743fedc25659a91db</subfield>
  </datafield>
  <datafield tag="856" ind1="7" ind2=" ">
    <subfield code="2">EOS</subfield>
    <subfield code="8">34</subfield>
    <subfield code="d">/eos/media/cds/public/www/digital-memory/media-archive/video/open/mkv/423172-34.mkv</subfield>
    <subfield code="q">MKV</subfield>
    <subfield code="s">31601848267</subfield>
    <subfield code="w">(PICTURAE:MD5)pm_C1V1_423172-34.mkv;f588fcaefd9f7c31861c616f9a344011</subfield>
  </datafield>
  <datafield tag="856" ind1="7" ind2=" ">
    <subfield code="2">EOS</subfield>
    <subfield code="8">34</subfield>
    <subfield code="d">/eos/media/cds/public/www/digital-memory/media-archive/video/open/mov/423172-34.mov</subfield>
    <subfield code="q">MOV</subfield>
    <subfield code="s">13650225013</subfield>
    <subfield code="w">(PICTURAE:MD5)am_C1V1_423172-34.mov;2b72f64750ada2d95b632cde77898008</subfield>
  </datafield>
  <datafield tag="856" ind1="7" ind2=" ">
    <subfield code="2">EOS</subfield>
    <subfield code="8">35</subfield>
    <subfield code="d">/eos/media/cds/public/www/digital-memory/media-archive/video/open/mkv/423172-35.mkv</subfield>
    <subfield code="q">MKV</subfield>
    <subfield code="s">16011752362</subfield>
    <subfield code="w">(PICTURAE:MD5)pm_C1V1_423172-35.mkv;942066fe8dedb11916344a8cc77f634f</subfield>
  </datafield>
  <datafield tag="856" ind1="7" ind2=" ">
    <subfield code="2">EOS</subfield>
    <subfield code="8">35</subfield>
    <subfield code="d">/eos/media/cds/public/www/digital-memory/media-archive/video/open/mov/423172-35.mov</subfield>
    <subfield code="q">MOV</subfield>
    <subfield code="s">7220719088</subfield>
    <subfield code="w">(PICTURAE:MD5)am_C1V1_423172-35.mov;8cf576ba830208cca3e9097cdd59efb1</subfield>
  </datafield>
  <datafield tag="856" ind1="7" ind2=" ">
    <subfield code="2">EOS</subfield>
    <subfield code="8">36</subfield>
    <subfield code="d">/eos/media/cds/public/www/digital-memory/media-archive/video/open/mkv/423172-36.mkv</subfield>
    <subfield code="q">MKV</subfield>
    <subfield code="s">24379872834</subfield>
    <subfield code="w">(PICTURAE:MD5)pm_C1V1_423172-36.mkv;9ee8216db1f365518575bedc9d35037d</subfield>
  </datafield>
  <datafield tag="856" ind1="7" ind2=" ">
    <subfield code="2">EOS</subfield>
    <subfield code="8">36</subfield>
    <subfield code="d">/eos/media/cds/public/www/digital-memory/media-archive/video/open/mov/423172-36.mov</subfield>
    <subfield code="q">MOV</subfield>
    <subfield code="s">7633060937</subfield>
    <subfield code="w">(PICTURAE:MD5)am_C1V1_423172-36.mov;719aaa14cf618fffc984c194af889716</subfield>
  </datafield>
  <datafield tag="856" ind1="7" ind2=" ">
    <subfield code="2">EOS</subfield>
    <subfield code="8">37</subfield>
    <subfield code="d">/eos/media/cds/public/www/digital-memory/media-archive/video/open/mkv/423172-37.mkv</subfield>
    <subfield code="q">MKV</subfield>
    <subfield code="s">35577694025</subfield>
    <subfield code="w">(PICTURAE:MD5)pm_C1V1_423172-37.mkv;d21ba0141f53009caf4948c4f1f1acf3</subfield>
  </datafield>
  <datafield tag="856" ind1="7" ind2=" ">
    <subfield code="2">EOS</subfield>
    <subfield code="8">37</subfield>
    <subfield code="d">/eos/media/cds/public/www/digital-memory/media-archive/video/open/mov/423172-37.mov</subfield>
    <subfield code="q">MOV</subfield>
    <subfield code="s">12387636236</subfield>
    <subfield code="w">(PICTURAE:MD5)am_C1V1_423172-37.mov;fb1b0749c7237d145fd9d9b99d930a7c</subfield>
  </datafield>
  <datafield tag="856" ind1="7" ind2=" ">
    <subfield code="2">EOS</subfield>
    <subfield code="8">38</subfield>
    <subfield code="d">/eos/media/cds/public/www/digital-memory/media-archive/video/open/mkv/423172-38.mkv</subfield>
    <subfield code="q">MKV</subfield>
    <subfield code="s">28702967573</subfield>
    <subfield code="w">(PICTURAE:MD5)pm_C1V1_423172-38.mkv;799f683f29318436ae185d3f08da65f7</subfield>
  </datafield>
  <datafield tag="856" ind1="7" ind2=" ">
    <subfield code="2">EOS</subfield>
    <subfield code="8">38</subfield>
    <subfield code="d">/eos/media/cds/public/www/digital-memory/media-archive/video/open/mov/423172-38.mov</subfield>
    <subfield code="q">MOV</subfield>
    <subfield code="s">12703618030</subfield>
    <subfield code="w">(PICTURAE:MD5)am_C1V1_423172-38.mov;9ecdf94750ae98063d1b6a483a98da91</subfield>
  </datafield>
  <datafield tag="856" ind1="7" ind2=" ">
    <subfield code="2">EOS</subfield>
    <subfield code="8">39</subfield>
    <subfield code="d">/eos/media/cds/public/www/digital-memory/media-archive/video/open/mkv/423172-39.mkv</subfield>
    <subfield code="q">MKV</subfield>
    <subfield code="s">36493158905</subfield>
    <subfield code="w">(PICTURAE:MD5)pm_C1V1_423172-39.mkv;fb88048aa02a3b7f460f50b238b969db</subfield>
  </datafield>
  <datafield tag="856" ind1="7" ind2=" ">
    <subfield code="2">EOS</subfield>
    <subfield code="8">39</subfield>
    <subfield code="d">/eos/media/cds/public/www/digital-memory/media-archive/video/open/mov/423172-39.mov</subfield>
    <subfield code="q">MOV</subfield>
    <subfield code="s">12042911746</subfield>
    <subfield code="w">(PICTURAE:MD5)am_C1V1_423172-39.mov;925682ce19298c6da60d99018b8e2db3</subfield>
  </datafield>
  <datafield tag="856" ind1="7" ind2=" ">
    <subfield code="2">EOS</subfield>
    <subfield code="8">40</subfield>
    <subfield code="d">/eos/media/cds/public/www/digital-memory/media-archive/video/open/mkv/423172-40.mkv</subfield>
    <subfield code="q">MKV</subfield>
    <subfield code="s">11637063119</subfield>
    <subfield code="w">(PICTURAE:MD5)pm_C1V1_423172-40.mkv;97f46aa41df38f99027032ebba24e788</subfield>
  </datafield>
  <datafield tag="856" ind1="7" ind2=" ">
    <subfield code="2">EOS</subfield>
    <subfield code="8">40</subfield>
    <subfield code="d">/eos/media/cds/public/www/digital-memory/media-archive/video/open/mov/423172-40.mov</subfield>
    <subfield code="q">MOV</subfield>
    <subfield code="s">5038298797</subfield>
    <subfield code="w">(PICTURAE:MD5)am_C1V1_423172-40.mov;4db9c40c45b4d76ed03887bfb475272a</subfield>
  </datafield>
  <datafield tag="856" ind1="7" ind2=" ">
    <subfield code="2">EOS</subfield>
    <subfield code="8">7</subfield>
    <subfield code="d">/eos/media/cds/public/www/digital-memory/media-archive/video/open/mkv/423172-7.mkv</subfield>
    <subfield code="q">MKV</subfield>
    <subfield code="s">16363816432</subfield>
    <subfield code="w">(PICTURAE:MD5)pm_C1V1_423172-7.mkv;b15eb002434f59f84987c05e3f3c63f8</subfield>
  </datafield>
  <datafield tag="856" ind1="7" ind2=" ">
    <subfield code="2">EOS</subfield>
    <subfield code="8">7</subfield>
    <subfield code="d">/eos/media/cds/public/www/digital-memory/media-archive/video/open/mov/423172-7.mov</subfield>
    <subfield code="q">MOV</subfield>
    <subfield code="s">7295893101</subfield>
    <subfield code="w">(PICTURAE:MD5)am_C1V1_423172-7.mov;21f5b6bcb55d49d0105468af5a2cb347</subfield>
  </datafield>
  <datafield tag="856" ind1="7" ind2=" ">
    <subfield code="2">EOS</subfield>
    <subfield code="8">8</subfield>
    <subfield code="d">/eos/media/cds/public/www/digital-memory/media-archive/video/open/mkv/423172-8.mkv</subfield>
    <subfield code="q">MKV</subfield>
    <subfield code="s">41085412407</subfield>
    <subfield code="w">(PICTURAE:MD5)pm_C1V1_423172-8.mkv;2b42b6155fa63a590df91d078bea4997</subfield>
  </datafield>
  <datafield tag="856" ind1="7" ind2=" ">
    <subfield code="2">EOS</subfield>
    <subfield code="8">8</subfield>
    <subfield code="d">/eos/media/cds/public/www/digital-memory/media-archive/video/open/mov/423172-8.mov</subfield>
    <subfield code="q">MOV</subfield>
    <subfield code="s">13868463136</subfield>
    <subfield code="w">(PICTURAE:MD5)am_C1V1_423172-8.mov;0caa04d9a307e9d9237f5e13f66e6bae</subfield>
  </datafield>
  <datafield tag="856" ind1="7" ind2=" ">
    <subfield code="2">EOS</subfield>
    <subfield code="8">9</subfield>
    <subfield code="d">/eos/media/cds/public/www/digital-memory/media-archive/video/open/mkv/423172-9.mkv</subfield>
    <subfield code="q">MKV</subfield>
    <subfield code="s">44135612033</subfield>
    <subfield code="w">(PICTURAE:MD5)pm_C1V1_423172-9.mkv;c4dd6e88b1ad4cce5c5774a73178d404</subfield>
  </datafield>
  <datafield tag="856" ind1="7" ind2=" ">
    <subfield code="2">EOS</subfield>
    <subfield code="8">9</subfield>
    <subfield code="d">/eos/media/cds/public/www/digital-memory/media-archive/video/open/mov/423172-9.mov</subfield>
    <subfield code="q">MOV</subfield>
    <subfield code="s">14169462252</subfield>
    <subfield code="w">(PICTURAE:MD5)am_C1V1_423172-9.mov;9b81260f9ab690bb6da679b3bb06b984</subfield>
  </datafield>
  <datafield tag="856" ind1="7" ind2=" ">
    <subfield code="2">EOS</subfield>
    <subfield code="8">23</subfield>
    <subfield code="d">/eos/media/cds/public/www/digital-memory/media-archive/video/open/mkv/423172-23.mkv</subfield>
    <subfield code="q">MKV</subfield>
    <subfield code="s">21824188484</subfield>
    <subfield code="w">(PICTURAE:MD5)pm_C1V1_423172-23_tmp.mkv;3601e2719ab7939ffcbe32b640258d95</subfield>
  </datafield>
  <datafield tag="856" ind1="7" ind2=" ">
    <subfield code="2">EOS</subfield>
    <subfield code="8">23</subfield>
    <subfield code="d">/eos/media/cds/public/www/digital-memory/media-archive/video/open/mov/423172-23.mov</subfield>
    <subfield code="q">MOV</subfield>
    <subfield code="s">9052571464</subfield>
    <subfield code="w">(PICTURAE:MD5)am_C1V1_423172-23_tmp.mov;c8fea7781f0006999b7a0a35c1057ebb</subfield>
  </datafield>
  <datafield tag="856" ind1="7" ind2=" ">
    <subfield code="2">EOS</subfield>
    <subfield code="8">6</subfield>
    <subfield code="d">/eos/media/cds/public/www/digital-memory/media-archive/video/open/mkv/423172-6.mkv</subfield>
    <subfield code="q">MKV</subfield>
    <subfield code="s">28271003254</subfield>
    <subfield code="w">(PICTURAE:MD5)pm_C1V1_423172-6.mkv;1aa25764bf5d5019cacc086a58fa4133</subfield>
  </datafield>
  <datafield tag="856" ind1="7" ind2=" ">
    <subfield code="2">EOS</subfield>
    <subfield code="8">6</subfield>
    <subfield code="d">/eos/media/cds/public/www/digital-memory/media-archive/video/open/mov/423172-6.mov</subfield>
    <subfield code="q">MOV</subfield>
    <subfield code="s">12587650783</subfield>
    <subfield code="w">(PICTURAE:MD5)am_C1V1_423172-6.mov;47e33409b9793084012cf7d7b17e60b2</subfield>
  </datafield>
  <datafield tag="856" ind1="7" ind2=" ">
    <subfield code="2">EOS</subfield>
    <subfield code="8">5</subfield>
    <subfield code="d">/eos/media/cds/public/www/digital-memory/media-archive/video/open/mkv/423172-5.mkv</subfield>
    <subfield code="q">MKV</subfield>
    <subfield code="s">18608893527</subfield>
    <subfield code="w">(PICTURAE:MD5)pm_C1V1_423172-5.mkv;1b46bb9bc5299dbb07c338c745df5823</subfield>
  </datafield>
  <datafield tag="856" ind1="7" ind2=" ">
    <subfield code="2">EOS</subfield>
    <subfield code="8">5</subfield>
    <subfield code="d">/eos/media/cds/public/www/digital-memory/media-archive/video/open/mov/423172-5.mov</subfield>
    <subfield code="q">MOV</subfield>
    <subfield code="s">6225326983</subfield>
    <subfield code="w">(PICTURAE:MD5)am_C1V1_423172-5.mov;7f53019250e9d0fa083ef6fcb4616515</subfield>
  </datafield>
  <datafield tag="856" ind1="7" ind2=" ">
    <subfield code="2">EOS</subfield>
    <subfield code="8">1</subfield>
    <subfield code="d">/eos/media/cds/public/www/digital-memory/media-archive/video/open/mkv/423172-1.mkv</subfield>
    <subfield code="q">MKV</subfield>
  </datafield>
  <datafield tag="856" ind1="7" ind2=" ">
    <subfield code="2">EOS</subfield>
    <subfield code="8">1</subfield>
    <subfield code="d">/eos/media/cds/public/www/digital-memory/media-archive/video/open/mov/423172-1.mov</subfield>
    <subfield code="q">MOV</subfield>
  </datafield>
  <datafield tag="856" ind1="7" ind2=" ">
    <subfield code="2">EOS</subfield>
    <subfield code="8">2</subfield>
    <subfield code="d">/eos/media/cds/public/www/digital-memory/media-archive/video/open/mkv/423172-2.mkv</subfield>
    <subfield code="q">MKV</subfield>
  </datafield>
  <datafield tag="856" ind1="7" ind2=" ">
    <subfield code="2">EOS</subfield>
    <subfield code="8">2</subfield>
    <subfield code="d">/eos/media/cds/public/www/digital-memory/media-archive/video/open/mov/423172-2.mov</subfield>
    <subfield code="q">MOV</subfield>
  </datafield>
  <datafield tag="856" ind1="7" ind2=" ">
    <subfield code="2">EOS</subfield>
    <subfield code="8">3</subfield>
    <subfield code="d">/eos/media/cds/public/www/digital-memory/media-archive/video/open/mkv/423172-3.mkv</subfield>
    <subfield code="q">MKV</subfield>
  </datafield>
  <datafield tag="856" ind1="7" ind2=" ">
    <subfield code="2">EOS</subfield>
    <subfield code="8">3</subfield>
    <subfield code="d">/eos/media/cds/public/www/digital-memory/media-archive/video/open/mov/423172-3.mov</subfield>
    <subfield code="q">MOV</subfield>
  </datafield>
  <datafield tag="856" ind1="7" ind2=" ">
    <subfield code="2">EOS</subfield>
    <subfield code="8">4</subfield>
    <subfield code="d">/eos/media/cds/public/www/digital-memory/media-archive/video/open/mkv/423172-4.mkv</subfield>
    <subfield code="q">MKV</subfield>
  </datafield>
  <datafield tag="856" ind1="7" ind2=" ">
    <subfield code="2">EOS</subfield>
    <subfield code="8">4</subfield>
    <subfield code="d">/eos/media/cds/public/www/digital-memory/media-archive/video/open/mov/423172-4.mov</subfield>
    <subfield code="q">MOV</subfield>
  </datafield>
  <datafield tag="916" ind1=" " ind2=" ">
    <subfield code="s">h</subfield>
    <subfield code="w">200004</subfield>
  </datafield>
  <datafield tag="960" ind1=" " ind2=" ">
    <subfield code="a">200</subfield>
  </datafield>
  <datafield tag="961" ind1=" " ind2=" ">
    <subfield code="c">20100226</subfield>
    <subfield code="h">2004</subfield>
    <subfield code="l">CER01</subfield>
    <subfield code="x">20000124</subfield>
  </datafield>
  <datafield tag="962" ind1=" " ind2=" ">
    <subfield code="b">539139</subfield>
    <subfield code="n">cern900101h</subfield>
  </datafield>
  <datafield tag="962" ind1=" " ind2=" ">
    <subfield code="b">289860</subfield>
  </datafield>
  <datafield tag="963" ind1=" " ind2=" ">
    <subfield code="a">PUBLIC</subfield>
  </datafield>
  <datafield tag="963" ind1=" " ind2=" ">
    <subfield code="9">review</subfield>
    <subfield code="a">PUBLIC</subfield>
  </datafield>
  <datafield tag="970" ind1=" " ind2=" ">
    <subfield code="a">002171447CER</subfield>
  </datafield>
  <datafield tag="970" ind1=" " ind2=" ">
    <subfield code="a">000423172CER</subfield>
  </datafield>
  <datafield tag="980" ind1=" " ind2=" ">
    <subfield code="a">VIDEOARC</subfield>
  </datafield>
</record>