
</collection>
<collection xmlns="http://www.loc.gov/MARC21/slim">
<record>
  <controlfield tag="001">423168</controlfield>
  <controlfield tag="003">GeCERN</controlfield>
  <controlfield tag="005">20221102232911.0</controlfield>
  <datafield tag="024" ind1="8" ind2=" ">
    <subfield code="a">oai:cds.cern.ch:423168</subfield>
    <subfield code="p">cerncds:TALK</subfield>
    <subfield code="p">cerncds:MEMORIAV</subfield>
  </datafield>
  <datafield tag="041" ind1=" " ind2=" ">
    <subfield code="9">review</subfield>
    <subfield code="a">eng</subfield>
  </datafield>
  <datafield tag="088" ind1=" " ind2=" ">
    <subfield code="9">CERN-VIDEO-C-188-A</subfield>
  </datafield>
  <datafield tag="088" ind1=" " ind2=" ">
    <subfield code="9">CERN-VIDEO-C-188-A1</subfield>
  </datafield>
  <datafield tag="088" ind1=" " ind2=" ">
    <subfield code="9">CERN-VIDEO-C-188-B</subfield>
  </datafield>
  <datafield tag="088" ind1=" " ind2=" ">
    <subfield code="9">CERN-VIDEO-C-188-B1</subfield>
  </datafield>
  <datafield tag="088" ind1=" " ind2=" ">
    <subfield code="9">CERN-VIDEO-C-188-C</subfield>
  </datafield>
  <datafield tag="088" ind1=" " ind2=" ">
    <subfield code="9">CERN-VIDEO-C-188-C1</subfield>
  </datafield>
  <datafield tag="088" ind1=" " ind2=" ">
    <subfield code="9">CERN-VIDEO-C-188-D</subfield>
  </datafield>
  <datafield tag="088" ind1=" " ind2=" ">
    <subfield code="9">CERN-VIDEO-C-188-D1</subfield>
  </datafield>
  <datafield tag="088" ind1=" " ind2=" ">
    <subfield code="9">CERN-VIDEO-C-188-E</subfield>
  </datafield>
  <datafield tag="088" ind1=" " ind2=" ">
    <subfield code="9">CERN-VIDEO-C-188-E1</subfield>
  </datafield>
  <datafield tag="088" ind1=" " ind2=" ">
    <subfield code="9">CERN-VIDEO-C-188-F</subfield>
  </datafield>
  <datafield tag="088" ind1=" " ind2=" ">
    <subfield code="9">CERN-VIDEO-C-188-F1</subfield>
  </datafield>
  <datafield tag="088" ind1=" " ind2=" ">
    <subfield code="9">CERN-VIDEO-C-188-G</subfield>
  </datafield>
  <datafield tag="088" ind1=" " ind2=" ">
    <subfield code="9">CERN-VIDEO-C-188-G1</subfield>
  </datafield>
  <datafield tag="088" ind1=" " ind2=" ">
    <subfield code="9">CERN-VIDEO-C-188-H</subfield>
  </datafield>
  <datafield tag="088" ind1=" " ind2=" ">
    <subfield code="9">CERN-VIDEO-C-188-H1</subfield>
  </datafield>
  <datafield tag="088" ind1=" " ind2=" ">
    <subfield code="9">CERN-VIDEO-C-188-I</subfield>
  </datafield>
  <datafield tag="088" ind1=" " ind2=" ">
    <subfield code="9">CERN-VIDEO-C-188-I1</subfield>
  </datafield>
  <datafield tag="088" ind1=" " ind2=" ">
    <subfield code="9">CERN-VIDEO-C-188-J</subfield>
  </datafield>
  <datafield tag="088" ind1=" " ind2=" ">
    <subfield code="9">CERN-VIDEO-C-188-J1</subfield>
  </datafield>
  <datafield tag="088" ind1=" " ind2=" ">
    <subfield code="9">CERN-VIDEO-C-188-K</subfield>
  </datafield>
  <datafield tag="088" ind1=" " ind2=" ">
    <subfield code="9">CERN-VIDEO-C-188-L</subfield>
  </datafield>
  <datafield tag="088" ind1=" " ind2=" ">
    <subfield code="9">CERN-VIDEO-C-188-M</subfield>
  </datafield>
  <datafield tag="088" ind1=" " ind2=" ">
    <subfield code="9">CERN-VIDEO-C-188-N</subfield>
  </datafield>
  <datafield tag="088" ind1=" " ind2=" ">
    <subfield code="9">CERN-VIDEO-C-188-O</subfield>
  </datafield>
  <datafield tag="110" ind1=" " ind2=" ">
    <subfield code="a">CERN. Geneva</subfield>
  </datafield>
  <datafield tag="245" ind1=" " ind2=" ">
    <subfield code="a">WWW 94</subfield>
    <subfield code="b">videotapes : lectures, CERN, Geneva, 25 - 27 May 1994</subfield>
  </datafield>
  <datafield tag="260" ind1=" " ind2=" ">
    <subfield code="a">Geneva</subfield>
    <subfield code="b">CERN</subfield>
    <subfield code="c">1994</subfield>
  </datafield>
  <datafield tag="260" ind1=" " ind2=" ">
    <subfield code="9">review</subfield>
    <subfield code="c">1994</subfield>
  </datafield>
  <datafield tag="269" ind1=" " ind2=" ">
    <subfield code="c">1994</subfield>
  </datafield>
  <datafield tag="300" ind1=" " ind2=" ">
    <subfield code="a">Talks and lectures</subfield>
    <subfield code="b">720x576 4/3, 25</subfield>
  </datafield>
  <datafield tag="300" ind1=" " ind2=" ">
    <subfield code="2">CERN-VIDEO-C-188-B</subfield>
    <subfield code="8">B</subfield>
  </datafield>
  <datafield tag="300" ind1=" " ind2=" ">
    <subfield code="2">CERN-VIDEO-C-188-C</subfield>
    <subfield code="8">C</subfield>
  </datafield>
  <datafield tag="300" ind1=" " ind2=" ">
    <subfield code="2">CERN-VIDEO-C-188-D</subfield>
    <subfield code="8">D</subfield>
  </datafield>
  <datafield tag="300" ind1=" " ind2=" ">
    <subfield code="2">CERN-VIDEO-C-188-E</subfield>
    <subfield code="8">E</subfield>
  </datafield>
  <datafield tag="300" ind1=" " ind2=" ">
    <subfield code="2">CERN-VIDEO-C-188-F</subfield>
    <subfield code="8">F</subfield>
  </datafield>
  <datafield tag="300" ind1=" " ind2=" ">
    <subfield code="2">CERN-VIDEO-C-188-G</subfield>
    <subfield code="8">G</subfield>
  </datafield>
  <datafield tag="300" ind1=" " ind2=" ">
    <subfield code="2">CERN-VIDEO-C-188-H</subfield>
    <subfield code="8">H</subfield>
  </datafield>
  <datafield tag="300" ind1=" " ind2=" ">
    <subfield code="2">CERN-VIDEO-C-188-I</subfield>
    <subfield code="8">I</subfield>
  </datafield>
  <datafield tag="300" ind1=" " ind2=" ">
    <subfield code="2">CERN-VIDEO-C-188-J</subfield>
    <subfield code="8">J</subfield>
  </datafield>
  <datafield tag="300" ind1=" " ind2=" ">
    <subfield code="2">CERN-VIDEO-C-188-K</subfield>
    <subfield code="8">K</subfield>
  </datafield>
  <datafield tag="300" ind1=" " ind2=" ">
    <subfield code="2">CERN-VIDEO-C-188-L</subfield>
    <subfield code="8">L</subfield>
  </datafield>
  <datafield tag="300" ind1=" " ind2=" ">
    <subfield code="2">CERN-VIDEO-C-188-M</subfield>
    <subfield code="8">M</subfield>
  </datafield>
  <datafield tag="300" ind1=" " ind2=" ">
    <subfield code="2">CERN-VIDEO-C-188-O</subfield>
    <subfield code="8">O</subfield>
  </datafield>
  <datafield tag="300" ind1=" " ind2=" ">
    <subfield code="2">CERN-VIDEO-C-188-N</subfield>
    <subfield code="8">N</subfield>
  </datafield>
  <datafield tag="300" ind1=" " ind2=" ">
    <subfield code="2">CERN-VIDEO-C-188-B1</subfield>
    <subfield code="8">B1</subfield>
  </datafield>
  <datafield tag="300" ind1=" " ind2=" ">
    <subfield code="2">CERN-VIDEO-C-188-C1</subfield>
    <subfield code="8">C1</subfield>
  </datafield>
  <datafield tag="300" ind1=" " ind2=" ">
    <subfield code="2">CERN-VIDEO-C-188-D1</subfield>
    <subfield code="8">D1</subfield>
  </datafield>
  <datafield tag="300" ind1=" " ind2=" ">
    <subfield code="2">CERN-VIDEO-C-188-E1</subfield>
    <subfield code="8">E1</subfield>
  </datafield>
  <datafield tag="300" ind1=" " ind2=" ">
    <subfield code="2">CERN-VIDEO-C-188-F1</subfield>
    <subfield code="8">F1</subfield>
  </datafield>
  <datafield tag="300" ind1=" " ind2=" ">
    <subfield code="2">CERN-VIDEO-C-188-G1</subfield>
    <subfield code="8">G1</subfield>
  </datafield>
  <datafield tag="300" ind1=" " ind2=" ">
    <subfield code="2">CERN-VIDEO-C-188-H1</subfield>
    <subfield code="8">H1</subfield>
  </datafield>
  <datafield tag="300" ind1=" " ind2=" ">
    <subfield code="2">CERN-VIDEO-C-188-I1</subfield>
    <subfield code="8">I1</subfield>
  </datafield>
  <datafield tag="300" ind1=" " ind2=" ">
    <subfield code="2">CERN-VIDEO-C-188-J1</subfield>
    <subfield code="8">J1</subfield>
  </datafield>
  <datafield tag="300" ind1=" " ind2=" ">
    <subfield code="2">CERN-VIDEO-C-188-A1</subfield>
    <subfield code="8">A1</subfield>
  </datafield>
  <datafield tag="337" ind1=" " ind2=" ">
    <subfield code="a">Video</subfield>
  </datafield>
  <datafield tag="340" ind1=" " ind2=" ">
    <subfield code="8">O</subfield>
    <subfield code="a">Betacam</subfield>
    <subfield code="j">Master</subfield>
    <subfield code="k">1994</subfield>
  </datafield>
  <datafield tag="340" ind1=" " ind2=" ">
    <subfield code="8">B</subfield>
    <subfield code="a">Betacam</subfield>
    <subfield code="j">Master</subfield>
    <subfield code="k">1994</subfield>
  </datafield>
  <datafield tag="340" ind1=" " ind2=" ">
    <subfield code="8">C</subfield>
    <subfield code="a">Betacam</subfield>
    <subfield code="j">Master</subfield>
    <subfield code="k">1994</subfield>
  </datafield>
  <datafield tag="340" ind1=" " ind2=" ">
    <subfield code="8">D</subfield>
    <subfield code="a">Betacam</subfield>
    <subfield code="j">Master</subfield>
    <subfield code="k">1994</subfield>
  </datafield>
  <datafield tag="340" ind1=" " ind2=" ">
    <subfield code="8">E</subfield>
    <subfield code="a">Betacam</subfield>
    <subfield code="j">Master</subfield>
    <subfield code="k">1994</subfield>
  </datafield>
  <datafield tag="340" ind1=" " ind2=" ">
    <subfield code="8">F</subfield>
    <subfield code="a">Betacam</subfield>
    <subfield code="j">Master</subfield>
    <subfield code="k">1994</subfield>
  </datafield>
  <datafield tag="340" ind1=" " ind2=" ">
    <subfield code="8">G</subfield>
    <subfield code="a">Betacam</subfield>
    <subfield code="j">Master</subfield>
    <subfield code="k">1994</subfield>
  </datafield>
  <datafield tag="340" ind1=" " ind2=" ">
    <subfield code="8">H</subfield>
    <subfield code="a">Betacam</subfield>
    <subfield code="j">Master</subfield>
    <subfield code="k">1994</subfield>
  </datafield>
  <datafield tag="340" ind1=" " ind2=" ">
    <subfield code="8">I</subfield>
    <subfield code="a">Betacam</subfield>
    <subfield code="j">Master</subfield>
    <subfield code="k">1994</subfield>
  </datafield>
  <datafield tag="340" ind1=" " ind2=" ">
    <subfield code="8">J</subfield>
    <subfield code="a">Betacam</subfield>
    <subfield code="j">Master</subfield>
    <subfield code="k">1994</subfield>
  </datafield>
  <datafield tag="340" ind1=" " ind2=" ">
    <subfield code="8">K</subfield>
    <subfield code="a">Betacam</subfield>
    <subfield code="j">Master</subfield>
    <subfield code="k">1994</subfield>
  </datafield>
  <datafield tag="340" ind1=" " ind2=" ">
    <subfield code="8">L</subfield>
    <subfield code="a">Betacam</subfield>
    <subfield code="j">Master</subfield>
    <subfield code="k">1994</subfield>
  </datafield>
  <datafield tag="340" ind1=" " ind2=" ">
    <subfield code="8">M</subfield>
    <subfield code="a">Betacam</subfield>
    <subfield code="j">Master</subfield>
    <subfield code="k">1994</subfield>
  </datafield>
  <datafield tag="340" ind1=" " ind2=" ">
    <subfield code="8">N</subfield>
    <subfield code="a">Betacam</subfield>
    <subfield code="j">Master</subfield>
    <subfield code="k">1994</subfield>
  </datafield>
  <datafield tag="340" ind1=" " ind2=" ">
    <subfield code="8">A1</subfield>
    <subfield code="a">U-Matic</subfield>
    <subfield code="j">Master</subfield>
    <subfield code="k">1994</subfield>
  </datafield>
  <datafield tag="340" ind1=" " ind2=" ">
    <subfield code="8">B1</subfield>
    <subfield code="a">U-Matic</subfield>
    <subfield code="j">Master</subfield>
    <subfield code="k">1994</subfield>
  </datafield>
  <datafield tag="340" ind1=" " ind2=" ">
    <subfield code="8">C1</subfield>
    <subfield code="a">U-Matic</subfield>
    <subfield code="j">Master</subfield>
    <subfield code="k">1994</subfield>
  </datafield>
  <datafield tag="340" ind1=" " ind2=" ">
    <subfield code="8">D1</subfield>
    <subfield code="a">U-Matic</subfield>
    <subfield code="j">Master</subfield>
    <subfield code="k">1994</subfield>
  </datafield>
  <datafield tag="340" ind1=" " ind2=" ">
    <subfield code="8">E1</subfield>
    <subfield code="a">U-Matic</subfield>
    <subfield code="j">Master</subfield>
    <subfield code="k">1994</subfield>
  </datafield>
  <datafield tag="340" ind1=" " ind2=" ">
    <subfield code="8">F1</subfield>
    <subfield code="a">U-Matic</subfield>
    <subfield code="j">Master</subfield>
    <subfield code="k">1994</subfield>
  </datafield>
  <datafield tag="340" ind1=" " ind2=" ">
    <subfield code="8">G1</subfield>
    <subfield code="a">U-Matic</subfield>
    <subfield code="j">Master</subfield>
    <subfield code="k">1994</subfield>
  </datafield>
  <datafield tag="340" ind1=" " ind2=" ">
    <subfield code="8">H1</subfield>
    <subfield code="a">U-Matic</subfield>
    <subfield code="j">Master</subfield>
    <subfield code="k">1994</subfield>
  </datafield>
  <datafield tag="340" ind1=" " ind2=" ">
    <subfield code="8">I1</subfield>
    <subfield code="a">U-Matic</subfield>
    <subfield code="j">Master</subfield>
    <subfield code="k">1994</subfield>
  </datafield>
  <datafield tag="340" ind1=" " ind2=" ">
    <subfield code="8">J1</subfield>
    <subfield code="a">U-Matic</subfield>
    <subfield code="j">Master</subfield>
    <subfield code="k">1994</subfield>
  </datafield>
  <datafield tag="490" ind1=" " ind2=" ">
    <subfield code="a">CERN Miscelleanous Lectures</subfield>
  </datafield>
  <datafield tag="500" ind1=" " ind2=" ">
    <subfield code="a">VHS not held by the CERN library</subfield>
  </datafield>
  <datafield tag="500" ind1=" " ind2=" ">
    <subfield code="a">The video was digitized from its original recording as part of the CERN Digital Memory project</subfield>
  </datafield>
  <datafield tag="500" ind1=" " ind2=" ">
    <subfield code="a">During the curation of digitized tapes and films in 2020, this record was identified with duplicated original medias.</subfield>
  </datafield>
  <datafield tag="511" ind1="1" ind2=" ">
    <subfield code="9">review</subfield>
    <subfield code="8">b</subfield>
    <subfield code="a">Joseph Hardin</subfield>
  </datafield>
  <datafield tag="511" ind1="1" ind2=" ">
    <subfield code="9">review</subfield>
    <subfield code="8">c1</subfield>
    <subfield code="a">Tim Berners-Lee</subfield>
  </datafield>
  <datafield tag="511" ind1="1" ind2=" ">
    <subfield code="9">review</subfield>
    <subfield code="8">c</subfield>
    <subfield code="a">James E. Pitkow, Elizabeth Cherhal, Serge Rouveyrol</subfield>
  </datafield>
  <datafield tag="511" ind1="1" ind2=" ">
    <subfield code="9">review</subfield>
    <subfield code="8">d</subfield>
    <subfield code="a">Shin-ya Sato, Jean-Christophe Touvet</subfield>
  </datafield>
  <datafield tag="511" ind1="1" ind2=" ">
    <subfield code="9">review</subfield>
    <subfield code="8">h</subfield>
    <subfield code="a">Christian Neuss, Doug McKee, R.D.J. Post, P.M.E. De Bra, Roy T. Fielding</subfield>
  </datafield>
  <datafield tag="511" ind1="1" ind2=" ">
    <subfield code="9">review</subfield>
    <subfield code="8">i</subfield>
    <subfield code="a">Robert Cailliau</subfield>
  </datafield>
  <datafield tag="511" ind1="1" ind2=" ">
    <subfield code="9">review</subfield>
    <subfield code="8">j</subfield>
    <subfield code="a">Russ Jones, R.P. Channing Rodgers, S. Srinivasan, Ray Anderson</subfield>
  </datafield>
  <datafield tag="511" ind1="1" ind2=" ">
    <subfield code="9">review</subfield>
    <subfield code="8">k</subfield>
    <subfield code="a">Denis Anthony, B\xc3\xb8rre Ludvigsen</subfield>
  </datafield>
  <datafield tag="511" ind1="1" ind2=" ">
    <subfield code="9">review</subfield>
    <subfield code="8">l</subfield>
    <subfield code="a">B. Rousseau, M.Ruggier</subfield>
  </datafield>
  <datafield tag="511" ind1="1" ind2=" ">
    <subfield code="9">review</subfield>
    <subfield code="8">n</subfield>
    <subfield code="a">Toshihiro Takada, Nick Williams</subfield>
  </datafield>
  <datafield tag="511" ind1="1" ind2=" ">
    <subfield code="9">review</subfield>
    <subfield code="8">f</subfield>
    <subfield code="a">Steve Glassman</subfield>
  </datafield>
  <datafield tag="511" ind1="1" ind2=" ">
    <subfield code="9">review</subfield>
    <subfield code="8">a</subfield>
    <subfield code="a">Steffen Meschkat, John Mallery</subfield>
  </datafield>
  <datafield tag="511" ind1="1" ind2=" ">
    <subfield code="9">review</subfield>
    <subfield code="8">b1</subfield>
    <subfield code="a">Anders Klemets, David Wetherall</subfield>
  </datafield>
  <datafield tag="511" ind1="1" ind2=" ">
    <subfield code="9">review</subfield>
    <subfield code="8">d1</subfield>
    <subfield code="a">James E. Pitkow</subfield>
  </datafield>
  <datafield tag="511" ind1="1" ind2=" ">
    <subfield code="9">review</subfield>
    <subfield code="8">f1</subfield>
    <subfield code="a">Dimitri Dimitroyannis, David Levine, Marcus Speh</subfield>
  </datafield>
  <datafield tag="511" ind1="1" ind2=" ">
    <subfield code="9">review</subfield>
    <subfield code="8">g1</subfield>
    <subfield code="a">Gary Seaman, Michael Mascha, Steve Putz</subfield>
  </datafield>
  <datafield tag="511" ind1="1" ind2=" ">
    <subfield code="9">review</subfield>
    <subfield code="8">h1</subfield>
    <subfield code="a">David Eichmann, Carlos A. Varela</subfield>
  </datafield>
  <datafield tag="511" ind1="1" ind2=" ">
    <subfield code="9">review</subfield>
    <subfield code="8">i1</subfield>
    <subfield code="a">Mark D. Pesce, Jean-Fran\xc3\xa7ois Groff</subfield>
  </datafield>
  <datafield tag="511" ind1="1" ind2=" ">
    <subfield code="9">review</subfield>
    <subfield code="8">j1</subfield>
    <subfield code="a">Alan Slater</subfield>
  </datafield>
  <datafield tag="511" ind1="1" ind2=" ">
    <subfield code="9">review</subfield>
    <subfield code="8">e</subfield>
    <subfield code="a">Ari Luotonen, Eric Katz, Bjorn N. Freeman-Benson</subfield>
  </datafield>
  <datafield tag="511" ind1="1" ind2=" ">
    <subfield code="9">review</subfield>
    <subfield code="8">e1</subfield>
    <subfield code="a">R.Doelz, T.Etzold, Bertrand Ibrahim, Pieter A. van Brakel</subfield>
  </datafield>
  <datafield tag="514" ind1=" " ind2=" ">
    <subfield code="a">Incomplete program -  Low RF, noisy picture -  Audio present but not on all channels -  No video (no recording) -  </subfield>
  </datafield>
  <datafield tag="514" ind1=" " ind2=" ">
    <subfield code="a">Low RF, noisy picture -  </subfield>
    <subfield code="8">b1</subfield>
  </datafield>
  <datafield tag="514" ind1=" " ind2=" ">
    <subfield code="a">Incomplete program -  Low RF, noisy picture -  </subfield>
    <subfield code="8">d1</subfield>
  </datafield>
  <datafield tag="514" ind1=" " ind2=" ">
    <subfield code="a">Incomplete program -  Low RF, noisy picture -  </subfield>
    <subfield code="8">f1</subfield>
  </datafield>
  <datafield tag="514" ind1=" " ind2=" ">
    <subfield code="a">Incomplete program -  Low RF, noisy picture -  Videotape dubbing error -  </subfield>
    <subfield code="8">g1</subfield>
  </datafield>
  <datafield tag="514" ind1=" " ind2=" ">
    <subfield code="a">Incomplete program -  Low RF, noisy picture -  Video tracking issue -  </subfield>
    <subfield code="8">h1</subfield>
  </datafield>
  <datafield tag="514" ind1=" " ind2=" ">
    <subfield code="a">Low RF, noisy picture -  </subfield>
    <subfield code="8">i1</subfield>
  </datafield>
  <datafield tag="514" ind1=" " ind2=" ">
    <subfield code="a">Low RF, noisy picture -  </subfield>
    <subfield code="8">j1</subfield>
  </datafield>
  <datafield tag="514" ind1=" " ind2=" ">
    <subfield code="a">Audio present but not on all channels -  High frequency interference pattern -  Low RF, noisy picture -  Video tracking issue -  </subfield>
    <subfield code="8">e</subfield>
  </datafield>
  <datafield tag="518" ind1=" " ind2=" ">
    <subfield code="a">CERN, Geneva, 1994</subfield>
  </datafield>
  <datafield tag="520" ind1=" " ind2=" ">
    <subfield code="a">- Welcome by W.HOOGLAND -Effective rules in cyberspace:what we may wish to do and what we can do.D. CHAUM</subfield>
  </datafield>
  <datafield tag="520" ind1=" " ind2=" ">
    <subfield code="9">review</subfield>
    <subfield code="8">b</subfield>
    <subfield code="a">First International Conference on the World-Wide Web. Joseph Hardin's talk on the state of the web.</subfield>
  </datafield>
  <datafield tag="520" ind1=" " ind2=" ">
    <subfield code="9">review</subfield>
    <subfield code="8">c1</subfield>
    <subfield code="a">First International Conference on the World-Wide Web. Tim Berners-Lee's keynote speech on the World Wide Web.</subfield>
  </datafield>
  <datafield tag="520" ind1=" " ind2=" ">
    <subfield code="9">review</subfield>
    <subfield code="8">c</subfield>
    <subfield code="a">First International Conference on the World-Wide Web. James E. Pitkow's paper "WEBVIZ: A Tool for World Wide Web Access Log Visualization", Elizabeth Cherhal and Serge Rouveyrol's talk on the use of WWW in a documentary network</subfield>
  </datafield>
  <datafield tag="520" ind1=" " ind2=" ">
    <subfield code="9">review</subfield>
    <subfield code="8">d</subfield>
    <subfield code="a">First International Conference on the World-Wide Web. Shin-ya Sato's paper on dynamic rewriting of HTML documents, Jean-Christophe Touvet's paper on directory Services and Web integration using SOLO and a collective paper on the "microcosm" link service and its application to the WWW</subfield>
  </datafield>
  <datafield tag="520" ind1=" " ind2=" ">
    <subfield code="9">review</subfield>
    <subfield code="8">h</subfield>
    <subfield code="a">First International Conference on the World-Wide Web. Christian Neuss\' paper on free text searches in the Web, Doug McKee's paper on the integration of dynamic search technology, R.D.J. Post and P.M.E. De Bra's paper on client-based searching, and Roy T. Fielding's paper on distributed hypertext infostructures</subfield>
  </datafield>
  <datafield tag="520" ind1=" " ind2=" ">
    <subfield code="9">review</subfield>
    <subfield code="8">i</subfield>
    <subfield code="a">First International Conference on the World-Wide Web. Robert Cailliau's introduction into the Web, the notion of hypertext and server.</subfield>
  </datafield>
  <datafield tag="520" ind1=" " ind2=" ">
    <subfield code="9">review</subfield>
    <subfield code="8">j</subfield>
    <subfield code="a">First International Conference on the World-Wide Web. Russ Jones presents a case study of digital's web server, S. Srinivasan and R.P. Channing Rodgers talk about their project for the creation of an image database in the field of medical history, Ray Andersom gives a paper "Changing your Business Culture with Mosaic"</subfield>
  </datafield>
  <datafield tag="520" ind1=" " ind2=" ">
    <subfield code="9">review</subfield>
    <subfield code="8">k</subfield>
    <subfield code="a">First International Conference on the World-Wide Web. B\xc3\xb8rre Ludvigsen's talk "Home on the Web" and Denis Anthony's presentation on NURSE service</subfield>
  </datafield>
  <datafield tag="520" ind1=" " ind2=" ">
    <subfield code="9">review</subfield>
    <subfield code="8">l</subfield>
    <subfield code="a">First International Conference on the World-Wide Web. B. Rousseau and M.Ruggier's paper on Web Documents</subfield>
  </datafield>
  <datafield tag="520" ind1=" " ind2=" ">
    <subfield code="9">review</subfield>
    <subfield code="8">n</subfield>
    <subfield code="a">First International Conference on the World-Wide Web. Toshihiro Takada's paper on multilingual information exchange through the World-Wide Web and Nick Williams\' talk on WYSIWYG Editor for HTML</subfield>
  </datafield>
  <datafield tag="520" ind1=" " ind2=" ">
    <subfield code="9">review</subfield>
    <subfield code="8">o</subfield>
    <subfield code="a">First International Conference on the World-Wide Web. A workshop on the WEB and its future</subfield>
  </datafield>
  <datafield tag="520" ind1=" " ind2=" ">
    <subfield code="9">review</subfield>
    <subfield code="8">f</subfield>
    <subfield code="a">First International Conference on the World-Wide Web. Steve Glassman's talk on the performance of caching the Web</subfield>
  </datafield>
  <datafield tag="520" ind1=" " ind2=" ">
    <subfield code="9">review</subfield>
    <subfield code="8">a</subfield>
    <subfield code="a">First International Conference on the World-Wide Web. Steffen Meschkat's talk on active articles in interactive journals and John Mallery's paper on a common LISP hypermedia server</subfield>
  </datafield>
  <datafield tag="520" ind1=" " ind2=" ">
    <subfield code="9">review</subfield>
    <subfield code="8">b1</subfield>
    <subfield code="a">First International Conference on the World-Wide Web. Anders Klemets talk on the design and implementation of a media for WWW and David Wetherall's paper "Active Pages: Intelligent Nodes on the World Wide Web"</subfield>
  </datafield>
  <datafield tag="520" ind1=" " ind2=" ">
    <subfield code="9">review</subfield>
    <subfield code="8">d1</subfield>
    <subfield code="a">First International Conference on the World-Wide Web. James E. Pitkow's talk on results from the first World Wide Web user survey.</subfield>
  </datafield>
  <datafield tag="520" ind1=" " ind2=" ">
    <subfield code="9">review</subfield>
    <subfield code="8">f1</subfield>
    <subfield code="a">First International Conference on the World-Wide Web. Dimitri Dimitroyannis\' paper "Virtual Classroom: A Case Study", David Levine's talk on the virtual reconstruction of the US Holocaust Memorial Museum and Marcus Speh's talk on WWW for the Globewide Network Academy</subfield>
  </datafield>
  <datafield tag="520" ind1=" " ind2=" ">
    <subfield code="9">review</subfield>
    <subfield code="8">g1</subfield>
    <subfield code="a">First International Conference on the World-Wide Web. The talk by Gary Seaman and Michael Mascha on interactive education, Steve Putz\' paper on interactive information services using hypertext</subfield>
  </datafield>
  <datafield tag="520" ind1=" " ind2=" ">
    <subfield code="9">review</subfield>
    <subfield code="8">h1</subfield>
    <subfield code="a">First International Conference on the World-Wide Web. A talk on multilingual lexicon on the Web, David Eichmann's paper on MORE system and Carlos A. Varela's talk on Zelig application.</subfield>
  </datafield>
  <datafield tag="520" ind1=" " ind2=" ">
    <subfield code="9">review</subfield>
    <subfield code="8">i1</subfield>
    <subfield code="a">First International Conference on the World-Wide Web. Mark D. Pesce's talk on cyberspace and Jean-Fran\xc3\xa7ois Groff's talk "Untangling the Web"</subfield>
  </datafield>
  <datafield tag="520" ind1=" " ind2=" ">
    <subfield code="9">review</subfield>
    <subfield code="8">j1</subfield>
    <subfield code="a">First International Conference on the World-Wide Web. Alan Slater's talk "Controlled by the Web!"</subfield>
  </datafield>
  <datafield tag="520" ind1=" " ind2=" ">
    <subfield code="9">review</subfield>
    <subfield code="8">e</subfield>
    <subfield code="a">First International Conference on the World-Wide Web. Ari Luotonen's talk on World-Wide Web proxies, Eric Katz paper on a scalable Web server and Bjorn N. Freeman-Benson's talk on password protection</subfield>
  </datafield>
  <datafield tag="520" ind1=" " ind2=" ">
    <subfield code="9">review</subfield>
    <subfield code="8">e1</subfield>
    <subfield code="a">First International Conference on the World-Wide Web. R.Doelz and T.Etzold's talk on the use of WWW in biological research, Bertrand Ibrahim's paper on World-Wide algorithm animation and Pieter A. van Brakel's presentation entitled "Teaching Hypertext Techniques with Mosaic/WWW"</subfield>
  </datafield>
  <datafield tag="542" ind1=" " ind2=" ">
    <subfield code="d">CERN</subfield>
    <subfield code="g">1994</subfield>
  </datafield>
  <datafield tag="542" ind1="1" ind2=" ">
    <subfield code="g">1994</subfield>
    <subfield code="9">review</subfield>
    <subfield code="d">CERN</subfield>
  </datafield>
  <datafield tag="583" ind1="1" ind2=" ">
    <subfield code="i">CREATE-MARC-run20180515_1054</subfield>
    <subfield code="a">digitized</subfield>
    <subfield code="2">pda</subfield>
    <subfield code="f">CERN Digital Memory Project</subfield>
    <subfield code="k">PICTURAE</subfield>
    <subfield code="u">https://cds.cern.ch/record/2257246</subfield>
    <subfield code="5">SzGeCERN</subfield>
    <subfield code="b">S1V1: SDI Signal - Digital Betacam, Betacam SP, Betacam, Betacam SX, DVCAM, DVCPRO, DV/Mini DV</subfield>
    <subfield code="8">b</subfield>
    <subfield code="z">
 - VISUAL INSPECTION TABLE of Betacam SP () true  - 
 - RTI VT 4100 of Betacam SP () true  - 
 - MAC-V015 of Betacam SP () false Low RF, noisy picture | Video tracking issue | High frequency interference pattern | Videotape dubbing error - 
 - OVEN of Betacam SP () true  - 
 - RTI VT 4100 of Betacam SP () true  - 
 - MAC-V011 of Betacam SP () true Low RF, noisy picture - 
 - MANUAL QC GEN of Betacam SP () true  - 
 - VISUAL INSPECTION TABLE of U-Matic SP () true  - 
 - RTI VT 3100 of U-Matic SP () true  - 
 - MAC-V021 of U-Matic SP () true Low RF, noisy picture - 
 - MANUAL QC GEN of U-Matic SP () true  - 
 - FILE_PRESENCE of U-Matic SP () true  - 
      </subfield>
    <subfield code="x">
 - VISUAL INSPECTION TABLE timing: from 25/10/2017 14:34 to 25/10/2017 14:34 -
 - RTI VT 4100 timing: from 25/10/2017 14:34 to 25/10/2017 14:47 -
 - MAC-V015 timing: from 25/10/2017 14:47 to 25/10/2017 14:53 -
 - OVEN timing: from 26/10/2017 08:41 to 27/10/2017 12:15 -
 - RTI VT 4100 timing: from 27/10/2017 13:07 to 27/10/2017 13:07 -
 - MAC-V011 timing: from 30/10/2017 13:00 to 30/10/2017 14:34 -
 - MANUAL QC GEN timing: from 30/10/2017 14:34 to 30/10/2017 14:34 -
 - VISUAL INSPECTION TABLE timing: from 02/12/2017 10:14 to 02/12/2017 10:14 -
 - RTI VT 3100 timing: from 02/12/2017 10:14 to 02/12/2017 10:25 -
 - MAC-V021 timing: from 02/12/2017 10:25 to 02/12/2017 11:21 -
 - MANUAL QC GEN timing: from 02/12/2017 21:19 to 02/12/2017 21:19 -
 - FILE_PRESENCE timing: from 02/12/2017 21:19 to 02/12/2017 21:19 -
       </subfield>
    <subfield code="c">20171202</subfield>
  </datafield>
  <datafield tag="583" ind1="1" ind2=" ">
    <subfield code="i">CREATE-MARC-run20180515_1054</subfield>
    <subfield code="a">digitized</subfield>
    <subfield code="2">pda</subfield>
    <subfield code="f">CERN Digital Memory Project</subfield>
    <subfield code="k">PICTURAE</subfield>
    <subfield code="u">https://cds.cern.ch/record/2257246</subfield>
    <subfield code="5">SzGeCERN</subfield>
    <subfield code="b">S1V1: SDI Signal - Digital Betacam, Betacam SP, Betacam, Betacam SX, DVCAM, DVCPRO, DV/Mini DV</subfield>
    <subfield code="8">c1</subfield>
    <subfield code="z">
 - VISUAL INSPECTION TABLE of Betacam SP () true  - 
 - RTI VT 4100 of Betacam SP () true  - 
 - MAC-V017 of Betacam SP () false Low RF, noisy picture | Video tracking issue | High frequency interference pattern - 
 - OVEN of Betacam SP () true  - 
 - RTI VT 4100 of Betacam SP () true  - 
 - MAC-V011 of Betacam SP () false High frequency interference pattern | Low RF, noisy picture - 
 - RTI VT 4100 of Betacam SP () true  - 
 - MAC-V013 of Betacam SP () true Low RF, noisy picture - 
      </subfield>
    <subfield code="x">
 - VISUAL INSPECTION TABLE timing: from 25/10/2017 14:34 to 25/10/2017 14:34 -
 - RTI VT 4100 timing: from 25/10/2017 14:34 to 25/10/2017 14:50 -
 - MAC-V017 timing: from 25/10/2017 14:50 to 25/10/2017 15:08 -
 - OVEN timing: from 26/10/2017 08:40 to 27/10/2017 12:09 -
 - RTI VT 4100 timing: from 27/10/2017 14:37 to 27/10/2017 14:43 -
 - MAC-V011 timing: from 30/10/2017 16:09 to 30/10/2017 16:30 -
 - RTI VT 4100 timing: from 02/11/2017 10:37 to 02/11/2017 11:14 -
 - MAC-V013 timing: from 02/11/2017 11:21 to 02/11/2017 12:09 -
       </subfield>
    <subfield code="c">20171102</subfield>
  </datafield>
  <datafield tag="583" ind1="1" ind2=" ">
    <subfield code="i">CREATE-MARC-run20180515_1054</subfield>
    <subfield code="a">digitized</subfield>
    <subfield code="2">pda</subfield>
    <subfield code="f">CERN Digital Memory Project</subfield>
    <subfield code="k">PICTURAE</subfield>
    <subfield code="u">https://cds.cern.ch/record/2257246</subfield>
    <subfield code="5">SzGeCERN</subfield>
    <subfield code="b">C1V1: Composite\tSignal - U-Matic,\xc2\xa0U-Matic SP,\xc2\xa0VHS, 1 inch C, 1 inch B, Video , Betamax </subfield>
    <subfield code="8">c</subfield>
    <subfield code="z">
 - VISUAL INSPECTION TABLE of U-Matic SP () true  - 
 - RTI VT 3100 of U-Matic SP () false Binding issue - Sticky | Magnetic tape broken - 
 - OVEN of U-Matic SP () true  - 
 - VISUAL INSPECTION TABLE of U-Matic SP () true  - 
 - RTI VT 3100 of U-Matic SP () true  - 
 - MAC-V022 of U-Matic SP () true Low RF, noisy picture - 
 - MANUAL QC GEN of U-Matic SP () true  - 
 - MANUAL QC GEN of U-Matic SP () true  - 
 - FILE_PRESENCE of U-Matic SP () true  - 
 - VISUAL INSPECTION TABLE of Betacam SP () true  - 
 - RTI VT 4100 of Betacam SP () true  - 
 - MAC-V017 of Betacam SP () false Low RF, noisy picture | Video tracking issue | High frequency interference pattern - 
 - OVEN of Betacam SP () true  - 
 - RTI VT 4100 of Betacam SP () true  - 
 - MAC-V011 of Betacam SP () false High frequency interference pattern | Low RF, noisy picture - 
 - RTI VT 4100 of Betacam SP () true  - 
 - MAC-V013 of Betacam SP () true Low RF, noisy picture - 
      </subfield>
    <subfield code="x">
 - VISUAL INSPECTION TABLE timing: from 02/12/2017 10:00 to 02/12/2017 10:00 -
 - RTI VT 3100 timing: from 02/12/2017 10:00 to 02/12/2017 10:07 -
 - OVEN timing: from 04/12/2017 15:57 to 05/12/2017 10:52 -
 - VISUAL INSPECTION TABLE timing: from 07/12/2017 16:29 to 07/12/2017 16:29 -
 - RTI VT 3100 timing: from 07/12/2017 17:37 to 07/12/2017 17:41 -
 - MAC-V022 timing: from 07/12/2017 18:08 to 07/12/2017 19:48 -
 - MANUAL QC GEN timing: from 07/12/2017 19:48 to 07/12/2017 19:48 -
 - MANUAL QC GEN timing: from 08/12/2017 20:25 to 08/12/2017 20:25 -
 - FILE_PRESENCE timing: from 08/12/2017 20:25 to 08/12/2017 20:25 -
 - VISUAL INSPECTION TABLE timing: from 25/10/2017 14:34 to 25/10/2017 14:34 -
 - RTI VT 4100 timing: from 25/10/2017 14:34 to 25/10/2017 14:50 -
 - MAC-V017 timing: from 25/10/2017 14:50 to 25/10/2017 15:08 -
 - OVEN timing: from 26/10/2017 08:40 to 27/10/2017 12:09 -
 - RTI VT 4100 timing: from 27/10/2017 14:37 to 27/10/2017 14:43 -
 - MAC-V011 timing: from 30/10/2017 16:09 to 30/10/2017 16:30 -
 - RTI VT 4100 timing: from 02/11/2017 10:37 to 02/11/2017 11:14 -
 - MAC-V013 timing: from 02/11/2017 11:21 to 02/11/2017 12:09 -
       </subfield>
    <subfield code="c">20171102</subfield>
  </datafield>
  <datafield tag="583" ind1="1" ind2=" ">
    <subfield code="i">CREATE-MARC-run20180515_1054</subfield>
    <subfield code="a">digitized</subfield>
    <subfield code="2">pda</subfield>
    <subfield code="f">CERN Digital Memory Project</subfield>
    <subfield code="k">PICTURAE</subfield>
    <subfield code="u">https://cds.cern.ch/record/2257246</subfield>
    <subfield code="5">SzGeCERN</subfield>
    <subfield code="b">S1V1: SDI Signal - Digital Betacam, Betacam SP, Betacam, Betacam SX, DVCAM, DVCPRO, DV/Mini DV</subfield>
    <subfield code="8">d</subfield>
    <subfield code="z">
 - VISUAL INSPECTION TABLE of Betacam SP () true  - 
 - RTI VT 4100 of Betacam SP () true  - 
 - MAC-V017 of Betacam SP () false Low RF, noisy picture | Video tracking issue | High frequency interference pattern - 
 - OVEN of Betacam SP () true  - 
 - RTI VT 4100 of Betacam SP () true  - 
 - MAC-V017 of Betacam SP () true Low RF, noisy picture - 
 - MANUAL QC GEN of Betacam SP () true  - 
 - VISUAL INSPECTION TABLE of U-Matic SP () true  - 
 - RTI VT 3100 of U-Matic SP () true  - 
 - MAC-V025 of U-Matic SP () false Incomplete program | Low RF, noisy picture - 
 - OVEN of U-Matic SP () true  - 
 - VISUAL INSPECTION TABLE of U-Matic SP () true  - 
 - RTI VT 3100 of U-Matic SP () true  - 
 - MAC-V021 of U-Matic SP () true Low RF, noisy picture - 
 - MANUAL QC GEN of U-Matic SP () true  - 
 - MANUAL QC GEN of U-Matic SP () true  - 
 - FILE_PRESENCE of U-Matic SP () true  - 
      </subfield>
    <subfield code="x">
 - VISUAL INSPECTION TABLE timing: from 25/10/2017 13:31 to 25/10/2017 13:31 -
 - RTI VT 4100 timing: from 25/10/2017 13:31 to 25/10/2017 13:38 -
 - MAC-V017 timing: from 25/10/2017 14:32 to 25/10/2017 14:47 -
 - OVEN timing: from 26/10/2017 08:41 to 27/10/2017 12:15 -
 - RTI VT 4100 timing: from 27/10/2017 12:51 to 27/10/2017 12:59 -
 - MAC-V017 timing: from 30/10/2017 08:30 to 30/10/2017 12:59 -
 - MANUAL QC GEN timing: from 30/10/2017 13:46 to 30/10/2017 13:46 -
 - VISUAL INSPECTION TABLE timing: from 02/12/2017 10:00 to 02/12/2017 10:00 -
 - RTI VT 3100 timing: from 02/12/2017 10:00 to 02/12/2017 10:07 -
 - MAC-V025 timing: from 02/12/2017 10:07 to 02/12/2017 10:13 -
 - OVEN timing: from 04/12/2017 15:57 to 05/12/2017 10:51 -
 - VISUAL INSPECTION TABLE timing: from 07/12/2017 16:29 to 07/12/2017 16:29 -
 - RTI VT 3100 timing: from 07/12/2017 17:02 to 07/12/2017 17:07 -
 - MAC-V021 timing: from 09/12/2017 08:23 to 09/12/2017 09:19 -
 - MANUAL QC GEN timing: from 09/12/2017 09:19 to 09/12/2017 09:19 -
 - MANUAL QC GEN timing: from 09/12/2017 20:28 to 09/12/2017 20:28 -
 - FILE_PRESENCE timing: from 09/12/2017 20:28 to 09/12/2017 20:28 -
       </subfield>
    <subfield code="c">20171209</subfield>
  </datafield>
  <datafield tag="583" ind1="1" ind2=" ">
    <subfield code="i">CREATE-MARC-run20180515_1054</subfield>
    <subfield code="a">digitized</subfield>
    <subfield code="2">pda</subfield>
    <subfield code="f">CERN Digital Memory Project</subfield>
    <subfield code="k">PICTURAE</subfield>
    <subfield code="u">https://cds.cern.ch/record/2257246</subfield>
    <subfield code="5">SzGeCERN</subfield>
    <subfield code="b">S1V1: SDI Signal - Digital Betacam, Betacam SP, Betacam, Betacam SX, DVCAM, DVCPRO, DV/Mini DV</subfield>
    <subfield code="8">h</subfield>
    <subfield code="z">
 - VISUAL INSPECTION TABLE of Betacam SP () true  - 
 - RTI VT 4100 of Betacam SP () true  - 
 - MAC-V012 of Betacam SP () true Audio present but not on all channels - 
 - MANUAL QC GEN of Betacam SP () true  - 
 - VISUAL INSPECTION TABLE of U-Matic SP () true  - 
 - RTI VT 3100 of U-Matic SP () true  - 
 - MAC-V024 of U-Matic SP () false Low RF, noisy picture | Video tracking issue | Incomplete program - 
 - OVEN of U-Matic SP () true  - 
 - VISUAL INSPECTION TABLE of U-Matic SP () true  - 
 - RTI VT 3100 of U-Matic SP () true  - 
 - MAC-V022 of U-Matic SP () true Low RF, noisy picture - 
 - MANUAL QC GEN of U-Matic SP () true  - 
 - FILE_PRESENCE of U-Matic SP () true  - 
      </subfield>
    <subfield code="x">
 - VISUAL INSPECTION TABLE timing: from 25/10/2017 13:01 to 25/10/2017 13:01 -
 - RTI VT 4100 timing: from 25/10/2017 13:01 to 25/10/2017 13:13 -
 - MAC-V012 timing: from 25/10/2017 13:13 to 25/10/2017 15:01 -
 - MANUAL QC GEN timing: from 25/10/2017 15:01 to 25/10/2017 15:01 -
 - VISUAL INSPECTION TABLE timing: from 02/12/2017 09:04 to 02/12/2017 09:04 -
 - RTI VT 3100 timing: from 02/12/2017 09:04 to 02/12/2017 09:14 -
 - MAC-V024 timing: from 02/12/2017 09:43 to 02/12/2017 09:54 -
 - OVEN timing: from 04/12/2017 15:57 to 05/12/2017 10:52 -
 - VISUAL INSPECTION TABLE timing: from 07/12/2017 16:29 to 07/12/2017 16:29 -
 - RTI VT 3100 timing: from 07/12/2017 17:08 to 07/12/2017 17:14 -
 - MAC-V022 timing: from 09/12/2017 08:33 to 09/12/2017 09:37 -
 - MANUAL QC GEN timing: from 09/12/2017 20:34 to 09/12/2017 20:34 -
 - FILE_PRESENCE timing: from 09/12/2017 20:34 to 09/12/2017 20:34 -
       </subfield>
    <subfield code="c">20171209</subfield>
  </datafield>
  <datafield tag="583" ind1="1" ind2=" ">
    <subfield code="i">CREATE-MARC-run20180515_1054</subfield>
    <subfield code="a">digitized</subfield>
    <subfield code="2">pda</subfield>
    <subfield code="f">CERN Digital Memory Project</subfield>
    <subfield code="k">PICTURAE</subfield>
    <subfield code="u">https://cds.cern.ch/record/2257246</subfield>
    <subfield code="5">SzGeCERN</subfield>
    <subfield code="b">S1V1: SDI Signal - Digital Betacam, Betacam SP, Betacam, Betacam SX, DVCAM, DVCPRO, DV/Mini DV</subfield>
    <subfield code="8">i</subfield>
    <subfield code="z">
 - VISUAL INSPECTION TABLE of Betacam SP () true  - 
 - RTI VT 4100 of Betacam SP () true  - 
 - MAC-V013 of Betacam SP () false Low RF, noisy picture | Video tracking issue | High frequency interference pattern - 
 - OVEN of Betacam SP () true  - 
 - RTI VT 4100 of Betacam SP () true  - 
 - MAC-V018 of Betacam SP () true Low RF, noisy picture - 
 - MANUAL QC GEN of Betacam SP () true  - 
 - VISUAL INSPECTION TABLE of U-Matic SP () true  - 
 - RTI VT 3100 of U-Matic SP () true  - 
 - MAC-V025 of U-Matic SP () true Low RF, noisy picture - 
 - MANUAL QC GEN of U-Matic SP () true  - 
 - FILE_PRESENCE of U-Matic SP () true  - 
      </subfield>
    <subfield code="x">
 - VISUAL INSPECTION TABLE timing: from 25/10/2017 13:01 to 25/10/2017 13:01 -
 - RTI VT 4100 timing: from 25/10/2017 13:01 to 25/10/2017 13:12 -
 - MAC-V013 timing: from 25/10/2017 13:12 to 25/10/2017 13:26 -
 - OVEN timing: from 26/10/2017 08:41 to 27/10/2017 12:10 -
 - RTI VT 4100 timing: from 27/10/2017 13:31 to 27/10/2017 13:37 -
 - MAC-V018 timing: from 30/10/2017 08:31 to 30/10/2017 12:58 -
 - MANUAL QC GEN timing: from 30/10/2017 13:46 to 30/10/2017 13:46 -
 - VISUAL INSPECTION TABLE timing: from 01/12/2017 15:00 to 01/12/2017 15:00 -
 - RTI VT 3100 timing: from 01/12/2017 15:00 to 01/12/2017 15:05 -
 - MAC-V025 timing: from 04/12/2017 09:43 to 04/12/2017 09:43 -
 - MANUAL QC GEN timing: from 04/12/2017 23:23 to 04/12/2017 23:23 -
 - FILE_PRESENCE timing: from 04/12/2017 23:23 to 04/12/2017 23:23 -
       </subfield>
    <subfield code="c">20171204</subfield>
  </datafield>
  <datafield tag="583" ind1="1" ind2=" ">
    <subfield code="i">CREATE-MARC-run20180515_1054</subfield>
    <subfield code="a">digitized</subfield>
    <subfield code="2">pda</subfield>
    <subfield code="f">CERN Digital Memory Project</subfield>
    <subfield code="k">PICTURAE</subfield>
    <subfield code="u">https://cds.cern.ch/record/2257246</subfield>
    <subfield code="5">SzGeCERN</subfield>
    <subfield code="b">S1V1: SDI Signal - Digital Betacam, Betacam SP, Betacam, Betacam SX, DVCAM, DVCPRO, DV/Mini DV</subfield>
    <subfield code="8">j</subfield>
    <subfield code="z">
 - VISUAL INSPECTION TABLE of Betacam SP () true  - 
 - RTI VT 4100 of Betacam SP () true  - 
 - MAC-V015 of Betacam SP () false Low RF, noisy picture | Video tracking issue | High frequency interference pattern - 
 - OVEN of Betacam SP () true  - 
 - RTI VT 4100 of Betacam SP () true  - 
 - MAC-V017 of Betacam SP () true  - 
 - MANUAL QC GEN of Betacam SP () true  - 
 - VISUAL INSPECTION TABLE of U-Matic SP () true  - 
 - RTI VT 3100 of U-Matic SP () true  - 
 - MAC-V026 of U-Matic SP () true Low RF, noisy picture - 
 - MANUAL QC GEN of U-Matic SP () true  - 
 - FILE_PRESENCE of U-Matic SP () true  - 
      </subfield>
    <subfield code="x">
 - VISUAL INSPECTION TABLE timing: from 25/10/2017 12:49 to 25/10/2017 12:49 -
 - RTI VT 4100 timing: from 25/10/2017 12:49 to 25/10/2017 12:56 -
 - MAC-V015 timing: from 25/10/2017 12:56 to 25/10/2017 14:42 -
 - OVEN timing: from 26/10/2017 08:41 to 27/10/2017 12:16 -
 - RTI VT 4100 timing: from 27/10/2017 13:17 to 27/10/2017 13:23 -
 - MAC-V017 timing: from 30/10/2017 14:43 to 30/10/2017 16:13 -
 - MANUAL QC GEN timing: from 30/10/2017 16:13 to 30/10/2017 16:13 -
 - VISUAL INSPECTION TABLE timing: from 01/12/2017 15:00 to 01/12/2017 15:00 -
 - RTI VT 3100 timing: from 01/12/2017 15:00 to 01/12/2017 15:05 -
 - MAC-V026 timing: from 04/12/2017 07:42 to 04/12/2017 08:42 -
 - MANUAL QC GEN timing: from 04/12/2017 20:30 to 04/12/2017 20:30 -
 - FILE_PRESENCE timing: from 04/12/2017 20:30 to 04/12/2017 20:30 -
       </subfield>
    <subfield code="c">20171204</subfield>
  </datafield>
  <datafield tag="583" ind1="1" ind2=" ">
    <subfield code="i">CREATE-MARC-run20180515_1054</subfield>
    <subfield code="a">digitized</subfield>
    <subfield code="2">pda</subfield>
    <subfield code="f">CERN Digital Memory Project</subfield>
    <subfield code="k">PICTURAE</subfield>
    <subfield code="u">https://cds.cern.ch/record/2257246</subfield>
    <subfield code="5">SzGeCERN</subfield>
    <subfield code="b">S1V1: SDI Signal - Digital Betacam, Betacam SP, Betacam, Betacam SX, DVCAM, DVCPRO, DV/Mini DV</subfield>
    <subfield code="8">k</subfield>
    <subfield code="z">
 - VISUAL INSPECTION TABLE of Betacam SP () true  - 
 - RTI VT 4100 of Betacam SP () true  - 
 - MAC-V018 of Betacam SP () true Low RF, noisy picture | Audio present but not on all channels - 
      </subfield>
    <subfield code="x">
 - VISUAL INSPECTION TABLE timing: from 25/10/2017 12:22 to 25/10/2017 12:22 -
 - RTI VT 4100 timing: from 25/10/2017 12:22 to 25/10/2017 12:33 -
 - MAC-V018 timing: from 25/10/2017 12:33 to 25/10/2017 13:27 -
       </subfield>
    <subfield code="c">20171025</subfield>
  </datafield>
  <datafield tag="583" ind1="1" ind2=" ">
    <subfield code="i">CREATE-MARC-run20180515_1054</subfield>
    <subfield code="a">digitized</subfield>
    <subfield code="2">pda</subfield>
    <subfield code="f">CERN Digital Memory Project</subfield>
    <subfield code="k">PICTURAE</subfield>
    <subfield code="u">https://cds.cern.ch/record/2257246</subfield>
    <subfield code="5">SzGeCERN</subfield>
    <subfield code="b">S1V1: SDI Signal - Digital Betacam, Betacam SP, Betacam, Betacam SX, DVCAM, DVCPRO, DV/Mini DV</subfield>
    <subfield code="8">l</subfield>
    <subfield code="z">
 - VISUAL INSPECTION TABLE of Betacam SP () true  - 
 - RTI VT 4100 of Betacam SP () true  - 
 - MAC-V016 of Betacam SP () false Low RF, noisy picture | Video tracking issue | High frequency interference pattern - 
 - OVEN of Betacam SP () true  - 
 - RTI VT 4100 of Betacam SP () true  - 
 - MAC-V013 of Betacam SP () false High frequency interference pattern | Video tracking issue - 
 - OVEN of Betacam SP () true  - 
 - RTI VT 4100 of Betacam SP () true  - 
 - MAC-V016 of Betacam SP () false High frequency interference pattern | Video tracking issue | Low RF, noisy picture - 
 - OVEN of Betacam SP () true  - 
 - MAC-V012 of Betacam SP () true Audio present but not on all channels | Low RF, noisy picture - 
 - MANUAL QC GEN of Betacam SP () true  - 
      </subfield>
    <subfield code="x">
 - VISUAL INSPECTION TABLE timing: from 25/10/2017 12:22 to 25/10/2017 12:22 -
 - RTI VT 4100 timing: from 25/10/2017 12:22 to 25/10/2017 12:36 -
 - MAC-V016 timing: from 25/10/2017 12:36 to 25/10/2017 12:40 -
 - OVEN timing: from 26/10/2017 08:49 to 27/10/2017 14:30 -
 - RTI VT 4100 timing: from 27/10/2017 14:30 to 27/10/2017 14:37 -
 - MAC-V013 timing: from 30/10/2017 15:26 to 30/10/2017 15:31 -
 - OVEN timing: from 30/10/2017 15:31 to 31/10/2017 16:17 -
 - RTI VT 4100 timing: from 02/11/2017 10:37 to 02/11/2017 11:42 -
 - MAC-V016 timing: from 07/11/2017 15:39 to 07/11/2017 16:36 -
 - OVEN timing: from 08/11/2017 14:14 to 09/11/2017 11:21 -
 - MAC-V012 timing: from 09/11/2017 14:28 to 09/11/2017 14:45 -
 - MANUAL QC GEN timing: from 09/11/2017 14:45 to 09/11/2017 14:45 -
       </subfield>
    <subfield code="c">20171109</subfield>
  </datafield>
  <datafield tag="583" ind1="1" ind2=" ">
    <subfield code="i">CREATE-MARC-run20180515_1054</subfield>
    <subfield code="a">digitized</subfield>
    <subfield code="2">pda</subfield>
    <subfield code="f">CERN Digital Memory Project</subfield>
    <subfield code="k">PICTURAE</subfield>
    <subfield code="u">https://cds.cern.ch/record/2257246</subfield>
    <subfield code="5">SzGeCERN</subfield>
    <subfield code="b">S1V1: SDI Signal - Digital Betacam, Betacam SP, Betacam, Betacam SX, DVCAM, DVCPRO, DV/Mini DV</subfield>
    <subfield code="8">n</subfield>
    <subfield code="z">
 - VISUAL INSPECTION TABLE of Betacam SP () true  - 
 - RTI VT 4100 of Betacam SP () true  - 
 - MAC-V016 of Betacam SP () true Low RF, noisy picture | Video tracking issue | Audio present but not on all channels - 
      </subfield>
    <subfield code="x">
 - VISUAL INSPECTION TABLE timing: from 25/10/2017 12:37 to 25/10/2017 12:37 -
 - RTI VT 4100 timing: from 25/10/2017 12:37 to 25/10/2017 12:48 -
 - MAC-V016 timing: from 25/10/2017 12:48 to 25/10/2017 13:36 -
       </subfield>
    <subfield code="c">20171025</subfield>
  </datafield>
  <datafield tag="583" ind1="1" ind2=" ">
    <subfield code="i">CREATE-MARC-run20180515_1054</subfield>
    <subfield code="a">digitized</subfield>
    <subfield code="2">pda</subfield>
    <subfield code="f">CERN Digital Memory Project</subfield>
    <subfield code="k">PICTURAE</subfield>
    <subfield code="u">https://cds.cern.ch/record/2257246</subfield>
    <subfield code="5">SzGeCERN</subfield>
    <subfield code="b">S1V1: SDI Signal - Digital Betacam, Betacam SP, Betacam, Betacam SX, DVCAM, DVCPRO, DV/Mini DV</subfield>
    <subfield code="8">o</subfield>
    <subfield code="z">
 - VISUAL INSPECTION TABLE of Betacam SP () true  - 
 - RTI VT 4100 of Betacam SP () true  - 
 - MAC-V014 of Betacam SP () true Low RF, noisy picture | Audio present but not on all channels - 
 - MANUAL QC GEN of Betacam SP () true  - 
      </subfield>
    <subfield code="x">
 - VISUAL INSPECTION TABLE timing: from 25/10/2017 12:49 to 25/10/2017 12:49 -
 - RTI VT 4100 timing: from 25/10/2017 12:49 to 25/10/2017 12:57 -
 - MAC-V014 timing: from 25/10/2017 12:57 to 25/10/2017 14:13 -
 - MANUAL QC GEN timing: from 25/10/2017 14:13 to 25/10/2017 14:13 -
       </subfield>
    <subfield code="c">20171025</subfield>
  </datafield>
  <datafield tag="583" ind1="1" ind2=" ">
    <subfield code="i">CREATE-MARC-run20180620_1025</subfield>
    <subfield code="a">digitized</subfield>
    <subfield code="2">pda</subfield>
    <subfield code="f">CERN Digital Memory Project</subfield>
    <subfield code="k">PICTURAE</subfield>
    <subfield code="u">https://cds.cern.ch/record/2257246</subfield>
    <subfield code="5">SzGeCERN</subfield>
    <subfield code="6">WEEK50-public</subfield>
    <subfield code="b">S1V1: SDI Signal - Digital Betacam, Betacam SP, Betacam, Betacam SX, DVCAM, DVCPRO, DV/Mini DV</subfield>
    <subfield code="8">f</subfield>
    <subfield code="3"> U-Matic SP </subfield>
    <subfield code="f">public</subfield>
    <subfield code="l"> WWW 94 F1 </subfield>
    <subfield code="z">
 - VISUAL INSPECTION TABLE of Betacam SP () true  - 
 - RTI VT 4100 of Betacam SP () true  - 
 - MAC-V018 of Betacam SP () true No video (no recording) | Audio present but not on all channels - 
 - MANUAL QC GEN of Betacam SP () true  - 
 - VISUAL INSPECTION TABLE of U-Matic SP () true  - 
 - RTI VT 3100 of U-Matic SP () true  - 
 - MAC-V026 of U-Matic SP () false Incomplete program | Low RF, noisy picture - 
 - OVEN of U-Matic SP () true  - 
 - VISUAL INSPECTION TABLE of U-Matic SP () true  - 
 - RTI VT 3100 of U-Matic SP () true  - 
 - MAC-V021 of U-Matic SP () true Low RF, noisy picture - 
 - MANUAL QC GEN of U-Matic SP () true  - 
 - MANUAL QC GEN of U-Matic SP () true  - 
 - FILE_PRESENCE of U-Matic SP () true  - 
      </subfield>
    <subfield code="x">
 - VISUAL INSPECTION TABLE timing: from 25/10/2017 13:19 to 25/10/2017 13:19 -
 - RTI VT 4100 timing: from 25/10/2017 13:19 to 25/10/2017 13:30 -
 - MAC-V018 timing: from 25/10/2017 13:30 to 25/10/2017 15:18 -
 - MANUAL QC GEN timing: from 25/10/2017 15:18 to 25/10/2017 15:18 -
 - VISUAL INSPECTION TABLE timing: from 02/12/2017 09:15 to 02/12/2017 09:15 -
 - RTI VT 3100 timing: from 02/12/2017 09:15 to 02/12/2017 09:33 -
 - MAC-V026 timing: from 02/12/2017 09:35 to 02/12/2017 10:01 -
 - OVEN timing: from 04/12/2017 15:57 to 05/12/2017 10:51 -
 - VISUAL INSPECTION TABLE timing: from 07/12/2017 16:29 to 07/12/2017 16:29 -
 - RTI VT 3100 timing: from 07/12/2017 16:35 to 07/12/2017 17:02 -
 - MAC-V021 timing: from 07/12/2017 20:37 to 07/12/2017 21:46 -
 - MANUAL QC GEN timing: from 07/12/2017 21:47 to 07/12/2017 21:47 -
 - MANUAL QC GEN timing: from 08/12/2017 20:26 to 08/12/2017 20:26 -
 - FILE_PRESENCE timing: from 08/12/2017 20:26 to 08/12/2017 20:26 -
       </subfield>
    <subfield code="c">20171208</subfield>
  </datafield>
  <datafield tag="583" ind1="1" ind2=" ">
    <subfield code="i">CREATE-MARC-run20180622_170151</subfield>
    <subfield code="a">digitized</subfield>
    <subfield code="2">pda</subfield>
    <subfield code="f">CERN Digital Memory Project</subfield>
    <subfield code="k">PICTURAE</subfield>
    <subfield code="u">https://cds.cern.ch/record/2257246</subfield>
    <subfield code="5">SzGeCERN</subfield>
    <subfield code="6">WEEK02-public</subfield>
    <subfield code="b">C1V1: Composite\tSignal - U-Matic,\xc2\xa0U-Matic SP,\xc2\xa0VHS, 1 inch C, 1 inch B, Video , Betamax </subfield>
    <subfield code="8">a</subfield>
    <subfield code="3"> U-Matic SP </subfield>
    <subfield code="f">public</subfield>
    <subfield code="l"> WWW 94 A1 </subfield>
    <subfield code="z">
 - VISUAL INSPECTION TABLE of U-Matic SP () true  - 
 - RTI VT 3100 of U-Matic SP () true  - 
 - MAC-V026 of U-Matic SP () true  - 
 - MANUAL QC GEN of U-Matic SP () true  - 
 - FILE_PRESENCE of U-Matic SP () true  - 
      </subfield>
    <subfield code="x">
 - VISUAL INSPECTION TABLE timing: from 02/12/2017 11:56 to 02/12/2017 11:56 -
 - RTI VT 3100 timing: from 02/12/2017 11:56 to 02/12/2017 12:07 -
 - MAC-V026 timing: from 02/12/2017 12:07 to 02/12/2017 12:59 -
 - MANUAL QC GEN timing: from 02/12/2017 20:37 to 02/12/2017 20:37 -
 - FILE_PRESENCE timing: from 02/12/2017 20:37 to 02/12/2017 20:37 -
       </subfield>
    <subfield code="c">20171202</subfield>
  </datafield>
  <datafield tag="583" ind1="1" ind2=" ">
    <subfield code="i">CREATE-MARC-run20180622_170151</subfield>
    <subfield code="a">digitized</subfield>
    <subfield code="2">pda</subfield>
    <subfield code="f">CERN Digital Memory Project</subfield>
    <subfield code="k">PICTURAE</subfield>
    <subfield code="u">https://cds.cern.ch/record/2257246</subfield>
    <subfield code="5">SzGeCERN</subfield>
    <subfield code="6">WEEK02-public</subfield>
    <subfield code="b">C1V1: Composite\tSignal - U-Matic,\xc2\xa0U-Matic SP,\xc2\xa0VHS, 1 inch C, 1 inch B, Video , Betamax </subfield>
    <subfield code="8">b1</subfield>
    <subfield code="3"> U-Matic SP </subfield>
    <subfield code="f">public</subfield>
    <subfield code="l"> WWW 94 B1 </subfield>
    <subfield code="z">
 - VISUAL INSPECTION TABLE of U-Matic SP () true  - 
 - RTI VT 3100 of U-Matic SP () true  - 
 - MAC-V021 of U-Matic SP () true Low RF, noisy picture - 
 - MANUAL QC GEN of U-Matic SP () true  - 
 - FILE_PRESENCE of U-Matic SP () true  - 
      </subfield>
    <subfield code="x">
 - VISUAL INSPECTION TABLE timing: from 02/12/2017 10:14 to 02/12/2017 10:14 -
 - RTI VT 3100 timing: from 02/12/2017 10:14 to 02/12/2017 10:25 -
 - MAC-V021 timing: from 02/12/2017 10:25 to 02/12/2017 11:21 -
 - MANUAL QC GEN timing: from 02/12/2017 21:19 to 02/12/2017 21:19 -
 - FILE_PRESENCE timing: from 02/12/2017 21:19 to 02/12/2017 21:19 -
       </subfield>
    <subfield code="c">20171202</subfield>
  </datafield>
  <datafield tag="583" ind1="1" ind2=" ">
    <subfield code="i">CREATE-MARC-run20180622_170151</subfield>
    <subfield code="a">digitized</subfield>
    <subfield code="2">pda</subfield>
    <subfield code="f">CERN Digital Memory Project</subfield>
    <subfield code="k">PICTURAE</subfield>
    <subfield code="u">https://cds.cern.ch/record/2257246</subfield>
    <subfield code="5">SzGeCERN</subfield>
    <subfield code="6">WEEK02-public</subfield>
    <subfield code="b">C1V1: Composite\tSignal - U-Matic,\xc2\xa0U-Matic SP,\xc2\xa0VHS, 1 inch C, 1 inch B, Video , Betamax </subfield>
    <subfield code="8">d1</subfield>
    <subfield code="3"> U-Matic SP </subfield>
    <subfield code="f">public</subfield>
    <subfield code="l"> WWW 94 D1 </subfield>
    <subfield code="z">
 - VISUAL INSPECTION TABLE of U-Matic SP () true  - 
 - RTI VT 3100 of U-Matic SP () true  - 
 - MAC-V025 of U-Matic SP () false Incomplete program | Low RF, noisy picture - 
 - OVEN of U-Matic SP () true  - 
 - VISUAL INSPECTION TABLE of U-Matic SP () true  - 
 - RTI VT 3100 of U-Matic SP () true  - 
 - MAC-V021 of U-Matic SP () true Low RF, noisy picture - 
 - MANUAL QC GEN of U-Matic SP () true  - 
 - MANUAL QC GEN of U-Matic SP () true  - 
 - FILE_PRESENCE of U-Matic SP () true  - 
      </subfield>
    <subfield code="x">
 - VISUAL INSPECTION TABLE timing: from 02/12/2017 10:00 to 02/12/2017 10:00 -
 - RTI VT 3100 timing: from 02/12/2017 10:00 to 02/12/2017 10:07 -
 - MAC-V025 timing: from 02/12/2017 10:07 to 02/12/2017 10:13 -
 - OVEN timing: from 04/12/2017 15:57 to 05/12/2017 10:51 -
 - VISUAL INSPECTION TABLE timing: from 07/12/2017 16:29 to 07/12/2017 16:29 -
 - RTI VT 3100 timing: from 07/12/2017 17:02 to 07/12/2017 17:07 -
 - MAC-V021 timing: from 09/12/2017 08:23 to 09/12/2017 09:19 -
 - MANUAL QC GEN timing: from 09/12/2017 09:19 to 09/12/2017 09:19 -
 - MANUAL QC GEN timing: from 09/12/2017 20:28 to 09/12/2017 20:28 -
 - FILE_PRESENCE timing: from 09/12/2017 20:28 to 09/12/2017 20:28 -
       </subfield>
    <subfield code="c">20171209</subfield>
  </datafield>
  <datafield tag="583" ind1="1" ind2=" ">
    <subfield code="i">CREATE-MARC-run20180622_170151</subfield>
    <subfield code="a">digitized</subfield>
    <subfield code="2">pda</subfield>
    <subfield code="f">CERN Digital Memory Project</subfield>
    <subfield code="k">PICTURAE</subfield>
    <subfield code="u">https://cds.cern.ch/record/2257246</subfield>
    <subfield code="5">SzGeCERN</subfield>
    <subfield code="6">WEEK02-public</subfield>
    <subfield code="b">C1V1: Composite\tSignal - U-Matic,\xc2\xa0U-Matic SP,\xc2\xa0VHS, 1 inch C, 1 inch B, Video , Betamax </subfield>
    <subfield code="8">f1</subfield>
    <subfield code="3"> U-Matic SP </subfield>
    <subfield code="f">public</subfield>
    <subfield code="l"> WWW 94 F1 </subfield>
    <subfield code="z">
 - VISUAL INSPECTION TABLE of U-Matic SP () true  - 
 - RTI VT 3100 of U-Matic SP () true  - 
 - MAC-V026 of U-Matic SP () false Incomplete program | Low RF, noisy picture - 
 - OVEN of U-Matic SP () true  - 
 - VISUAL INSPECTION TABLE of U-Matic SP () true  - 
 - RTI VT 3100 of U-Matic SP () true  - 
 - MAC-V021 of U-Matic SP () true Low RF, noisy picture - 
 - MANUAL QC GEN of U-Matic SP () true  - 
 - MANUAL QC GEN of U-Matic SP () true  - 
 - FILE_PRESENCE of U-Matic SP () true  - 
      </subfield>
    <subfield code="x">
 - VISUAL INSPECTION TABLE timing: from 02/12/2017 09:15 to 02/12/2017 09:15 -
 - RTI VT 3100 timing: from 02/12/2017 09:15 to 02/12/2017 09:33 -
 - MAC-V026 timing: from 02/12/2017 09:35 to 02/12/2017 10:01 -
 - OVEN timing: from 04/12/2017 15:57 to 05/12/2017 10:51 -
 - VISUAL INSPECTION TABLE timing: from 07/12/2017 16:29 to 07/12/2017 16:29 -
 - RTI VT 3100 timing: from 07/12/2017 16:35 to 07/12/2017 17:02 -
 - MAC-V021 timing: from 07/12/2017 20:37 to 07/12/2017 21:46 -
 - MANUAL QC GEN timing: from 07/12/2017 21:47 to 07/12/2017 21:47 -
 - MANUAL QC GEN timing: from 08/12/2017 20:26 to 08/12/2017 20:26 -
 - FILE_PRESENCE timing: from 08/12/2017 20:26 to 08/12/2017 20:26 -
       </subfield>
    <subfield code="c">20171208</subfield>
  </datafield>
  <datafield tag="583" ind1="1" ind2=" ">
    <subfield code="i">CREATE-MARC-run20180622_170151</subfield>
    <subfield code="a">digitized</subfield>
    <subfield code="2">pda</subfield>
    <subfield code="f">CERN Digital Memory Project</subfield>
    <subfield code="k">PICTURAE</subfield>
    <subfield code="u">https://cds.cern.ch/record/2257246</subfield>
    <subfield code="5">SzGeCERN</subfield>
    <subfield code="6">WEEK02-public</subfield>
    <subfield code="b">C1V1: Composite\tSignal - U-Matic,\xc2\xa0U-Matic SP,\xc2\xa0VHS, 1 inch C, 1 inch B, Video , Betamax </subfield>
    <subfield code="8">g1</subfield>
    <subfield code="3"> U-Matic SP </subfield>
    <subfield code="f">public</subfield>
    <subfield code="l"> WWW 94 G1 </subfield>
    <subfield code="z">
 - VISUAL INSPECTION TABLE of U-Matic SP () true  - 
 - RTI VT 3100 of U-Matic SP () true  - 
 - MAC-V026 of U-Matic SP () false Incomplete program | Videotape dubbing error - 
 - OVEN of U-Matic SP () true  - 
 - VISUAL INSPECTION TABLE of U-Matic SP () true  - 
 - RTI VT 3100 of U-Matic SP () true  - 
 - MAC-V021 of U-Matic SP () true Low RF, noisy picture - 
 - MANUAL QC GEN of U-Matic SP () true  - 
 - MANUAL QC GEN of U-Matic SP () true  - 
 - FILE_PRESENCE of U-Matic SP () true  - 
      </subfield>
    <subfield code="x">
 - VISUAL INSPECTION TABLE timing: from 02/12/2017 09:04 to 02/12/2017 09:04 -
 - RTI VT 3100 timing: from 02/12/2017 09:04 to 02/12/2017 09:14 -
 - MAC-V026 timing: from 02/12/2017 09:33 to 02/12/2017 09:35 -
 - OVEN timing: from 05/12/2017 10:51 to 05/12/2017 10:51 -
 - VISUAL INSPECTION TABLE timing: from 07/12/2017 16:29 to 07/12/2017 16:29 -
 - RTI VT 3100 timing: from 07/12/2017 16:29 to 07/12/2017 16:35 -
 - MAC-V021 timing: from 07/12/2017 18:19 to 07/12/2017 20:36 -
 - MANUAL QC GEN timing: from 07/12/2017 20:36 to 07/12/2017 20:36 -
 - MANUAL QC GEN timing: from 08/12/2017 20:13 to 08/12/2017 20:13 -
 - FILE_PRESENCE timing: from 08/12/2017 20:13 to 08/12/2017 20:13 -
       </subfield>
    <subfield code="c">20171208</subfield>
  </datafield>
  <datafield tag="583" ind1="1" ind2=" ">
    <subfield code="i">CREATE-MARC-run20180622_170151</subfield>
    <subfield code="a">digitized</subfield>
    <subfield code="2">pda</subfield>
    <subfield code="f">CERN Digital Memory Project</subfield>
    <subfield code="k">PICTURAE</subfield>
    <subfield code="u">https://cds.cern.ch/record/2257246</subfield>
    <subfield code="5">SzGeCERN</subfield>
    <subfield code="6">WEEK02-public</subfield>
    <subfield code="b">C1V1: Composite\tSignal - U-Matic,\xc2\xa0U-Matic SP,\xc2\xa0VHS, 1 inch C, 1 inch B, Video , Betamax </subfield>
    <subfield code="8">h1</subfield>
    <subfield code="3"> U-Matic SP </subfield>
    <subfield code="f">public</subfield>
    <subfield code="l"> WWW 94 H1 </subfield>
    <subfield code="z">
 - VISUAL INSPECTION TABLE of U-Matic SP () true  - 
 - RTI VT 3100 of U-Matic SP () true  - 
 - MAC-V024 of U-Matic SP () false Low RF, noisy picture | Video tracking issue | Incomplete program - 
 - OVEN of U-Matic SP () true  - 
 - VISUAL INSPECTION TABLE of U-Matic SP () true  - 
 - RTI VT 3100 of U-Matic SP () true  - 
 - MAC-V022 of U-Matic SP () true Low RF, noisy picture - 
 - MANUAL QC GEN of U-Matic SP () true  - 
 - FILE_PRESENCE of U-Matic SP () true  - 
      </subfield>
    <subfield code="x">
 - VISUAL INSPECTION TABLE timing: from 02/12/2017 09:04 to 02/12/2017 09:04 -
 - RTI VT 3100 timing: from 02/12/2017 09:04 to 02/12/2017 09:14 -
 - MAC-V024 timing: from 02/12/2017 09:43 to 02/12/2017 09:54 -
 - OVEN timing: from 04/12/2017 15:57 to 05/12/2017 10:52 -
 - VISUAL INSPECTION TABLE timing: from 07/12/2017 16:29 to 07/12/2017 16:29 -
 - RTI VT 3100 timing: from 07/12/2017 17:08 to 07/12/2017 17:14 -
 - MAC-V022 timing: from 09/12/2017 08:33 to 09/12/2017 09:37 -
 - MANUAL QC GEN timing: from 09/12/2017 20:34 to 09/12/2017 20:34 -
 - FILE_PRESENCE timing: from 09/12/2017 20:34 to 09/12/2017 20:34 -
       </subfield>
    <subfield code="c">20171209</subfield>
  </datafield>
  <datafield tag="583" ind1="1" ind2=" ">
    <subfield code="i">CREATE-MARC-run20180622_170151</subfield>
    <subfield code="a">digitized</subfield>
    <subfield code="2">pda</subfield>
    <subfield code="f">CERN Digital Memory Project</subfield>
    <subfield code="k">PICTURAE</subfield>
    <subfield code="u">https://cds.cern.ch/record/2257246</subfield>
    <subfield code="5">SzGeCERN</subfield>
    <subfield code="6">WEEK02-public</subfield>
    <subfield code="b">C1V1: Composite\tSignal - U-Matic,\xc2\xa0U-Matic SP,\xc2\xa0VHS, 1 inch C, 1 inch B, Video , Betamax </subfield>
    <subfield code="8">i1</subfield>
    <subfield code="3"> U-Matic SP </subfield>
    <subfield code="f">public</subfield>
    <subfield code="l"> WWW 94 I1 </subfield>
    <subfield code="z">
 - VISUAL INSPECTION TABLE of U-Matic SP () true  - 
 - RTI VT 3100 of U-Matic SP () true  - 
 - MAC-V025 of U-Matic SP () true Low RF, noisy picture - 
 - MANUAL QC GEN of U-Matic SP () true  - 
 - FILE_PRESENCE of U-Matic SP () true  - 
      </subfield>
    <subfield code="x">
 - VISUAL INSPECTION TABLE timing: from 01/12/2017 15:00 to 01/12/2017 15:00 -
 - RTI VT 3100 timing: from 01/12/2017 15:00 to 01/12/2017 15:05 -
 - MAC-V025 timing: from 04/12/2017 09:43 to 04/12/2017 09:43 -
 - MANUAL QC GEN timing: from 04/12/2017 23:23 to 04/12/2017 23:23 -
 - FILE_PRESENCE timing: from 04/12/2017 23:23 to 04/12/2017 23:23 -
       </subfield>
    <subfield code="c">20171204</subfield>
  </datafield>
  <datafield tag="583" ind1="1" ind2=" ">
    <subfield code="i">CREATE-MARC-run20180622_170151</subfield>
    <subfield code="a">digitized</subfield>
    <subfield code="2">pda</subfield>
    <subfield code="f">CERN Digital Memory Project</subfield>
    <subfield code="k">PICTURAE</subfield>
    <subfield code="u">https://cds.cern.ch/record/2257246</subfield>
    <subfield code="5">SzGeCERN</subfield>
    <subfield code="6">WEEK02-public</subfield>
    <subfield code="b">C1V1: Composite\tSignal - U-Matic,\xc2\xa0U-Matic SP,\xc2\xa0VHS, 1 inch C, 1 inch B, Video , Betamax </subfield>
    <subfield code="8">j1</subfield>
    <subfield code="3"> U-Matic SP </subfield>
    <subfield code="f">public</subfield>
    <subfield code="l"> WWW 94 J1 </subfield>
    <subfield code="z">
 - VISUAL INSPECTION TABLE of U-Matic SP () true  - 
 - RTI VT 3100 of U-Matic SP () true  - 
 - MAC-V026 of U-Matic SP () true Low RF, noisy picture - 
 - MANUAL QC GEN of U-Matic SP () true  - 
 - FILE_PRESENCE of U-Matic SP () true  - 
      </subfield>
    <subfield code="x">
 - VISUAL INSPECTION TABLE timing: from 01/12/2017 15:00 to 01/12/2017 15:00 -
 - RTI VT 3100 timing: from 01/12/2017 15:00 to 01/12/2017 15:05 -
 - MAC-V026 timing: from 04/12/2017 07:42 to 04/12/2017 08:42 -
 - MANUAL QC GEN timing: from 04/12/2017 20:30 to 04/12/2017 20:30 -
 - FILE_PRESENCE timing: from 04/12/2017 20:30 to 04/12/2017 20:30 -
       </subfield>
    <subfield code="c">20171204</subfield>
  </datafield>
  <datafield tag="583" ind1="1" ind2=" ">
    <subfield code="i">CREATE-MARC-run20180622_170802</subfield>
    <subfield code="a">digitized</subfield>
    <subfield code="2">pda</subfield>
    <subfield code="f">CERN Digital Memory Project</subfield>
    <subfield code="k">PICTURAE</subfield>
    <subfield code="u">https://cds.cern.ch/record/2257246</subfield>
    <subfield code="5">SzGeCERN</subfield>
    <subfield code="6">WEEK14-public</subfield>
    <subfield code="b">S1V1: SDI Signal - Digital Betacam, Betacam SP, Betacam, Betacam SX, DVCAM, DVCPRO, DV/Mini DV</subfield>
    <subfield code="8">e</subfield>
    <subfield code="3"> U-Matic SP </subfield>
    <subfield code="f">public</subfield>
    <subfield code="l"> WWW 94 E1 </subfield>
    <subfield code="z">
 - VISUAL INSPECTION TABLE of Betacam SP () true  - 
 - RTI VT 4100 of Betacam SP () true  - 
 - MAC-V016 of Betacam SP () false Low RF, noisy picture | Video tracking issue | High frequency interference pattern - 
 - OVEN of Betacam SP () true  - 
 - RTI VT 4100 of Betacam SP () true  - 
 - MAC-V013 of Betacam SP () false Video tracking issue - 
 - OVEN of Betacam SP () true  - 
 - RTI VT 4100 of Betacam SP () true  - 
 - MAC-V014 of Betacam SP () false Low RF, noisy picture | Video tracking issue | High frequency interference pattern - 
 - REJECT of Betacam SP () true High frequency interference pattern | Video tracking issue | Low RF, noisy picture - 
 - RTI VT 4100 of Betacam SP () true  - 
 - MAC-V018 of Betacam SP () true Audio present but not on all channels - 
 - MANUAL QC GEN of Betacam SP () true  - 
 - FILE_PRESENCE of Betacam SP () true  - 
 - VISUAL INSPECTION TABLE of U-Matic SP () true  - 
 - RTI VT 3100 of U-Matic SP () true  - 
 - MAC-V023 of U-Matic SP () true  - 
 - MANUAL QC GEN of U-Matic SP () true  - 
 - FILE_PRESENCE of U-Matic SP () true  - 
      </subfield>
    <subfield code="x">
 - VISUAL INSPECTION TABLE timing: from 25/10/2017 13:31 to 25/10/2017 13:31 -
 - RTI VT 4100 timing: from 25/10/2017 13:31 to 25/10/2017 13:38 -
 - MAC-V016 timing: from 25/10/2017 14:32 to 25/10/2017 15:03 -
 - OVEN timing: from 26/10/2017 08:41 to 27/10/2017 12:10 -
 - RTI VT 4100 timing: from 27/10/2017 13:23 to 27/10/2017 13:30 -
 - MAC-V013 timing: from 30/10/2017 08:27 to 30/10/2017 09:29 -
 - OVEN timing: from 30/10/2017 15:19 to 31/10/2017 16:15 -
 - RTI VT 4100 timing: from 02/11/2017 10:38 to 02/11/2017 11:51 -
 - MAC-V014 timing: from 09/11/2017 15:33 to 09/11/2017 16:08 -
 - REJECT timing: from 09/11/2017 16:08 to 09/11/2017 16:08 -
 - RTI VT 4100 timing: from 10/01/2018 07:59 to 10/01/2018 08:05 -
 - MAC-V018 timing: from 10/01/2018 14:09 to 10/01/2018 15:25 -
 - MANUAL QC GEN timing: from 17/01/2018 16:30 to 17/01/2018 16:30 -
 - FILE_PRESENCE timing: from 17/01/2018 16:30 to 17/01/2018 16:30 -
 - VISUAL INSPECTION TABLE timing: from 02/12/2017 09:15 to 02/12/2017 09:15 -
 - RTI VT 3100 timing: from 02/12/2017 09:15 to 02/12/2017 09:33 -
 - MAC-V023 timing: from 16/01/2018 08:26 to 16/01/2018 09:31 -
 - MANUAL QC GEN timing: from 18/01/2018 14:06 to 18/01/2018 14:06 -
 - FILE_PRESENCE timing: from 18/01/2018 14:06 to 18/01/2018 14:06 -
       </subfield>
    <subfield code="c">20180118</subfield>
  </datafield>
  <datafield tag="583" ind1="1" ind2=" ">
    <subfield code="i">CREATE-MARC-run20180622_170916</subfield>
    <subfield code="a">digitized</subfield>
    <subfield code="2">pda</subfield>
    <subfield code="f">CERN Digital Memory Project</subfield>
    <subfield code="k">PICTURAE</subfield>
    <subfield code="u">https://cds.cern.ch/record/2257246</subfield>
    <subfield code="5">SzGeCERN</subfield>
    <subfield code="6">WEEK16-public</subfield>
    <subfield code="b">C1V1: Composite\tSignal - U-Matic,\xc2\xa0U-Matic SP,\xc2\xa0VHS, 1 inch C, 1 inch B, Video , Betamax </subfield>
    <subfield code="8">e1</subfield>
    <subfield code="3"> U-Matic SP </subfield>
    <subfield code="f">public</subfield>
    <subfield code="l"> WWW 94 E1 </subfield>
    <subfield code="z">
 - VISUAL INSPECTION TABLE of U-Matic SP () true  - 
 - RTI VT 3100 of U-Matic SP () true  - 
 - MAC-V023 of U-Matic SP () true  - 
 - MANUAL QC GEN of U-Matic SP () true  - 
 - FILE_PRESENCE of U-Matic SP () true  - 
      </subfield>
    <subfield code="x">
 - VISUAL INSPECTION TABLE timing: from 02/12/2017 09:15 to 02/12/2017 09:15 -
 - RTI VT 3100 timing: from 02/12/2017 09:15 to 02/12/2017 09:33 -
 - MAC-V023 timing: from 16/01/2018 08:26 to 16/01/2018 09:31 -
 - MANUAL QC GEN timing: from 18/01/2018 14:06 to 18/01/2018 14:06 -
 - FILE_PRESENCE timing: from 18/01/2018 14:06 to 18/01/2018 14:06 -
       </subfield>
    <subfield code="c">20180118</subfield>
  </datafield>
  <datafield tag="583" ind1=" " ind2=" ">
    <subfield code="a">curation</subfield>
    <subfield code="c">Decembre 2020</subfield>
    <subfield code="8">e1</subfield>
    <subfield code="z"> -Audio: TRUE -Video Signal: TRUE -Multiple: FALSE -Relevant to CERN: TRUE -Action required: To be removed -Duplicate: TRUE</subfield>
  </datafield>
  <datafield tag="583" ind1=" " ind2=" ">
    <subfield code="a">curation</subfield>
    <subfield code="c">Decembre 2020</subfield>
    <subfield code="8">g</subfield>
    <subfield code="z"> -Audio: TRUE -Video Signal: TRUE -Multiple: FALSE -Relevant to CERN: FALSE -Action required: To be removed -Duplicate: FALSE</subfield>
  </datafield>
  <datafield tag="583" ind1="1" ind2=" ">
    <subfield code="3">U-Matic SP</subfield>
    <subfield code="6">disks/DELIVERY65</subfield>
    <subfield code="b">C1V1</subfield>
    <subfield code="n">62,3333333333333</subfield>
    <subfield code="o">minutes</subfield>
    <subfield code="8">e1</subfield>
  </datafield>
  <datafield tag="583" ind1="1" ind2=" ">
    <subfield code="3">Betacam SP</subfield>
    <subfield code="6">disks/DELIVERY65</subfield>
    <subfield code="b">S1V1</subfield>
    <subfield code="n">0,166666666666667</subfield>
    <subfield code="o">minutes</subfield>
    <subfield code="8">g</subfield>
  </datafield>
  <datafield tag="590" ind1=" " ind2=" ">
    <subfield code="9">review</subfield>
    <subfield code="8">b</subfield>
    <subfield code="a">Premi\xc3\xa8re conf\xc3\xa9rence internationale sur le World Wide Web. L\'expos\xc3\xa9 de Joseph Hardin sur l\'\xc3\xa9tat du web.</subfield>
  </datafield>
  <datafield tag="590" ind1=" " ind2=" ">
    <subfield code="9">review</subfield>
    <subfield code="8">c1</subfield>
    <subfield code="a">Premi\xc3\xa8re conf\xc3\xa9rence internationale sur le World Wide Web. Le grand expos\xc3\xa9 de Tim Berners-Lee sur le World Wide Web.</subfield>
  </datafield>
  <datafield tag="590" ind1=" " ind2=" ">
    <subfield code="9">review</subfield>
    <subfield code="8">c</subfield>
    <subfield code="a">Premi\xc3\xa8re conf\xc3\xa9rence internationale sur le World Wide Web. L\' expos\xc3\xa9 de James E. Pitkow "WEBVIZ : A Tool for World Wide Web Access Log Visualization", la conf\xc3\xa9rence d\' Elizabeth Cherhal et Serge Rouveyrol sur l\'utilisation du WWW dans un r\xc3\xa9seau documentaire</subfield>
  </datafield>
  <datafield tag="590" ind1=" " ind2=" ">
    <subfield code="9">review</subfield>
    <subfield code="8">d</subfield>
    <subfield code="a">Premi\xc3\xa8re conf\xc3\xa9rence internationale sur le World Wide Web. Shin-ya Sato sur la r\xc3\xa9\xc3\xa9criture dynamique de documents HTML, Jean-Christophe Touvet sur les services d\'annuaire et l\'int\xc3\xa9gration Web \xc3\xa0 l\'aide de SOLO et un expos\xc3\xa9 collectif sur le service de lien "microcosme" et son application au WWW</subfield>
  </datafield>
  <datafield tag="590" ind1=" " ind2=" ">
    <subfield code="9">review</subfield>
    <subfield code="8">h</subfield>
    <subfield code="a">Premi\xc3\xa8re conf\xc3\xa9rence internationale sur le World Wide Web. Les conf\xc3\xa9rences de Christian Neuss sur les recherches en texte libre sur le Web, de Doug McKee sur l\'int\xc3\xa9gration de la technologie de recherche dynamique, de R.D.J. Post et P.M.E. De Bra sur la recherche par le client/serveur, de Roy T. Fielding sur les infostructures hypertexte r\xc3\xa9parties.</subfield>
  </datafield>
  <datafield tag="590" ind1=" " ind2=" ">
    <subfield code="9">review</subfield>
    <subfield code="8">i</subfield>
    <subfield code="a">Premi\xc3\xa8re conf\xc3\xa9rence internationale sur le World Wide Web. Une introduction au Web, \xc3\xa0 la notion d\'hypertexte et de serveur.</subfield>
  </datafield>
  <datafield tag="590" ind1=" " ind2=" ">
    <subfield code="9">review</subfield>
    <subfield code="8">j</subfield>
    <subfield code="a">Premi\xc3\xa8re conf\xc3\xa9rence internationale sur le World Wide Web. Russ Jones pr\xc3\xa9sente une \xc3\xa9tude de cas du serveur web digital, S. Srinivasan et R.P. Channing Rodgers parlent de leur projet de cr\xc3\xa9ation d\'une base de donn\xc3\xa9es d\'images dans le domaine de l\'histoire m\xc3\xa9dicale, Ray Andersom pr\xc3\xa9sente un article "Changer votre culture commerciale avec Mosaic".</subfield>
  </datafield>
  <datafield tag="590" ind1=" " ind2=" ">
    <subfield code="9">review</subfield>
    <subfield code="8">k</subfield>
    <subfield code="a">Premi\xc3\xa8re conf\xc3\xa9rence internationale sur le World Wide Web. Conf\xc3\xa9rence de B\xc3\xb8rre Ludvigsen "Home on the Web" et pr\xc3\xa9sentation de Denis Anthony sur le service NURSE</subfield>
  </datafield>
  <datafield tag="590" ind1=" " ind2=" ">
    <subfield code="9">review</subfield>
    <subfield code="8">l</subfield>
    <subfield code="a">Premi\xc3\xa8re conf\xc3\xa9rence internationale sur le World Wide Web. Conf\xc3\xa9rence de B. Rousseau et M. Ruggier sur les documents Web</subfield>
  </datafield>
  <datafield tag="590" ind1=" " ind2=" ">
    <subfield code="9">review</subfield>
    <subfield code="8">n</subfield>
    <subfield code="a">Premi\xc3\xa8re conf\xc3\xa9rence internationale sur le World Wide Web. Conf\xc3\xa9rence de Toshihiro Takada sur l\'\xc3\xa9change d\'informations multilingues sur le World Wide Web et de Nick Williams sur l\'\xc3\xa9diteur WYSIWYG pour HTML</subfield>
  </datafield>
  <datafield tag="590" ind1=" " ind2=" ">
    <subfield code="9">review</subfield>
    <subfield code="8">o</subfield>
    <subfield code="a">Premi\xc3\xa8re conf\xc3\xa9rence internationale sur le World Wide Web. Un workshop sur le WEB et son avenir</subfield>
  </datafield>
  <datafield tag="590" ind1=" " ind2=" ">
    <subfield code="9">review</subfield>
    <subfield code="8">f</subfield>
    <subfield code="a">Premi\xc3\xa8re conf\xc3\xa9rence internationale sur le World Wide Web. L\'expos\xc3\xa9 de Steve Glassman sur la performance de la mise en cache du Web</subfield>
  </datafield>
  <datafield tag="590" ind1=" " ind2=" ">
    <subfield code="9">review</subfield>
    <subfield code="8">a</subfield>
    <subfield code="a">Premi\xc3\xa8re conf\xc3\xa9rence internationale sur le World Wide Web. Intervention de Steffen Meschkat sur des articles actifs dans des revues interactives et le papier de John Mallery sur un serveur hyperm\xc3\xa9dia LISP commun.</subfield>
  </datafield>
  <datafield tag="590" ind1=" " ind2=" ">
    <subfield code="9">review</subfield>
    <subfield code="8">b1</subfield>
    <subfield code="a">Premi\xc3\xa8re conf\xc3\xa9rence internationale sur le World Wide Web. Anders Klemets parle de la conception et de la r\xc3\xa9alisation d\'un m\xc3\xa9dia pour WWW, et David Wetherall fait un expos\xc3\xa9 sur les "Active Pages : N\xc5\x93uds intelligents sur le World Wide Web"</subfield>
  </datafield>
  <datafield tag="590" ind1=" " ind2=" ">
    <subfield code="9">review</subfield>
    <subfield code="8">d1</subfield>
    <subfield code="a">Premi\xc3\xa8re conf\xc3\xa9rence internationale sur le World Wide Web. L\'expos\xc3\xa9 de James E. Pitkow sur les r\xc3\xa9sultats de la premi\xc3\xa8re enqu\xc3\xaate aupr\xc3\xa8s des utilisateurs du World Wide Web.</subfield>
  </datafield>
  <datafield tag="590" ind1=" " ind2=" ">
    <subfield code="9">review</subfield>
    <subfield code="8">f1</subfield>
    <subfield code="a">Premi\xc3\xa8re conf\xc3\xa9rence internationale sur le World Wide Web. La conf\xc3\xa9rence de Dimitri Dimitroyannis "Virtual Classroom : A Case Study", conf\xc3\xa9rence de David Levine sur la reconstruction virtuelle du Mus\xc3\xa9e comm\xc3\xa9moratif de l\'Holocauste aux Etats-Unis et conf\xc3\xa9rence de Marcus Speh sur le WWW pour la Globewide Network Academy.</subfield>
  </datafield>
  <datafield tag="590" ind1=" " ind2=" ">
    <subfield code="9">review</subfield>
    <subfield code="8">g1</subfield>
    <subfield code="a">Premi\xc3\xa8re conf\xc3\xa9rence internationale sur le World Wide Web. L\'expos\xc3\xa9 de Gary Seaman et Michael Mascha sur l\'\xc3\xa9ducation interactive, et celui de Steve Putz sur les services d\'information interactifs utilisant l\'hypertexte.</subfield>
  </datafield>
  <datafield tag="590" ind1=" " ind2=" ">
    <subfield code="9">review</subfield>
    <subfield code="8">h1</subfield>
    <subfield code="a">Premi\xc3\xa8re conf\xc3\xa9rence internationale sur le World Wide Web. Une conf\xc3\xa9rence sur le lexique multilingue sur le Web, celle de David Eichmann sur MORE system et celle de Carlos A. Varela sur l\'application Zelig.</subfield>
  </datafield>
  <datafield tag="590" ind1=" " ind2=" ">
    <subfield code="9">review</subfield>
    <subfield code="8">i1</subfield>
    <subfield code="a">Premi\xc3\xa8re conf\xc3\xa9rence internationale sur le World Wide Web. L\'expos\xc3\xa9 de Mark D. Pesce sur le cyberespace et celui de Jean-Fran\xc3\xa7ois Groff " Le d\xc3\xa9m\xc3\xaalage du Web ".</subfield>
  </datafield>
  <datafield tag="590" ind1=" " ind2=" ">
    <subfield code="9">review</subfield>
    <subfield code="8">j1</subfield>
    <subfield code="a">Premi\xc3\xa8re conf\xc3\xa9rence internationale sur le World Wide Web. L\'expos\xc3\xa9 d\'Alan Slater "Contr\xc3\xb4l\xc3\xa9 par le Web !"</subfield>
  </datafield>
  <datafield tag="590" ind1=" " ind2=" ">
    <subfield code="9">review</subfield>
    <subfield code="8">e</subfield>
    <subfield code="a">Premi\xc3\xa8re conf\xc3\xa9rence internationale sur le World Wide Web. L\'expos\xc3\xa9 d\'Ari Luotonen sur les serveurs proxy du World-Wide Web, celui d\'Eric Katz sur un serveur Web \xc3\xa9volutif et celui de Bjorn N. Freeman-Benson sur la protection par mot de passe.</subfield>
  </datafield>
  <datafield tag="590" ind1=" " ind2=" ">
    <subfield code="9">review</subfield>
    <subfield code="8">e1</subfield>
    <subfield code="a">Premi\xc3\xa8re conf\xc3\xa9rence internationale sur le World Wide Web. R.Doelz et T.Etzold parlent de l\'utilisation du Web dans la recherche biologique et Bertrand Ibrahim de l\'animation des algorithmes \xc3\xa0 l\'\xc3\xa9chelle mondiale.</subfield>
  </datafield>
  <datafield tag="590" ind1=" " ind2=" ">
    <subfield code="9">review</subfield>
    <subfield code="8">b</subfield>
    <subfield code="a">Conf\xc3\xa9rence sur les r\xc3\xa8gles du cyberespace : ce que nous pouvons faire et ce que nous ne pouvons pas faire. Ainsi que sur les server web</subfield>
  </datafield>
  <datafield tag="590" ind1=" " ind2=" ">
    <subfield code="9">review</subfield>
    <subfield code="8">d</subfield>
    <subfield code="a">Conf\xc3\xa9rence sur les r\xc3\xa8gles du cyberespace : ce que nous pouvons faire et ce que nous ne pouvons pas faire</subfield>
  </datafield>
  <datafield tag="590" ind1=" " ind2=" ">
    <subfield code="9">review</subfield>
    <subfield code="8">j</subfield>
    <subfield code="a">Conf\xc3\xa9rence sur les r\xc3\xa8gles du cyberespace : ce que nous pouvons faire et ce que nous ne pouvons pas faire. Ainsi que sur les server web</subfield>
  </datafield>
  <datafield tag="590" ind1=" " ind2=" ">
    <subfield code="9">review</subfield>
    <subfield code="8">n</subfield>
    <subfield code="a">Discussion/d\xc3\xa9bat autour des r\xc3\xa8gles du cyberespace : ce que nous pouvons faire et ce que nous ne pouvons pas faire. Ainsi que sur les server web</subfield>
  </datafield>
  <datafield tag="590" ind1=" " ind2=" ">
    <subfield code="9">review</subfield>
    <subfield code="8">o</subfield>
    <subfield code="a">Discussion/D\xc3\xa9bat sur les r\xc3\xa8gles du cyberespace : ce que nous pouvons faire et ce que nous ne pouvons pas faire. Ainsi que sur les server web</subfield>
  </datafield>
  <datafield tag="590" ind1=" " ind2=" ">
    <subfield code="9">review</subfield>
    <subfield code="8">f</subfield>
    <subfield code="a">Conf\xc3\xa9rence sur les r\xc3\xa8gles du cyberespace : ce que nous pouvons faire et ce que nous ne pouvons pas faire. Ainsi que sur les server web</subfield>
  </datafield>
  <datafield tag="594" ind1=" " ind2=" ">
    <subfield code="9">review</subfield>
    <subfield code="a">Conference Speech</subfield>
  </datafield>
  <datafield tag="595" ind1=" " ind2=" ">
    <subfield code="a">SIS AUDIO2000</subfield>
  </datafield>
  <datafield tag="595" ind1=" " ind2=" ">
    <subfield code="a">VIDEO-MF</subfield>
  </datafield>
  <datafield tag="595" ind1=" " ind2=" ">
    <subfield code="a">A Missing</subfield>
  </datafield>
  <datafield tag="597" ind1=" " ind2=" ">
    <subfield code="9">review</subfield>
    <subfield code="8">f</subfield>
    <subfield code="a">video interrupts at 00:27</subfield>
  </datafield>
  <datafield tag="597" ind1=" " ind2=" ">
    <subfield code="9">review</subfield>
    <subfield code="8">h1</subfield>
    <subfield code="a">up to 19:00 and from 41:00 very bad quality of the video</subfield>
  </datafield>
  <datafield tag="597" ind1=" " ind2=" ">
    <subfield code="9">review</subfield>
    <subfield code="8">i1</subfield>
    <subfield code="a">no audio until 00:25</subfield>
  </datafield>
  <datafield tag="597" ind1=" " ind2=" ">
    <subfield code="9">review</subfield>
    <subfield code="8">j1</subfield>
    <subfield code="a">first 10 minutes replicate 423169-i1</subfield>
  </datafield>
  <datafield tag="597" ind1=" " ind2=" ">
    <subfield code="9">review</subfield>
    <subfield code="8">b</subfield>
    <subfield code="a">Images un peu sombre, difficiles \xc3\xa0 lire</subfield>
  </datafield>
  <datafield tag="597" ind1=" " ind2=" ">
    <subfield code="9">review</subfield>
    <subfield code="8">c</subfield>
    <subfield code="a">Images de mauvaises qualit\xc3\xa9s : lecture impossible</subfield>
  </datafield>
  <datafield tag="597" ind1=" " ind2=" ">
    <subfield code="9">review</subfield>
    <subfield code="8">f</subfield>
    <subfield code="a">Ecran noir a partir de 27:08</subfield>
  </datafield>
  <datafield tag="597" ind1=" " ind2=" ">
    <subfield code="9">review</subfield>
    <subfield code="8">a</subfield>
    <subfield code="a">A partir de 09:46 l\'ecran est parfois difficilement lisible (partie sur l\'ordinateur)</subfield>
  </datafield>
  <datafield tag="597" ind1=" " ind2=" ">
    <subfield code="9">review</subfield>
    <subfield code="8">d1</subfield>
    <subfield code="a">Images sombres et difficilement lisibles (partie sur l\'ordinateur), Son parfois \xc3\xa9loign\xc3\xa9 : compr\xc3\xa9hension difficile</subfield>
  </datafield>
  <datafield tag="597" ind1=" " ind2=" ">
    <subfield code="9">review</subfield>
    <subfield code="8">f1</subfield>
    <subfield code="a">Images parfois sombres et difficilement lisibles (partie sur ordinateur)</subfield>
  </datafield>
  <datafield tag="597" ind1=" " ind2=" ">
    <subfield code="9">review</subfield>
    <subfield code="8">g1</subfield>
    <subfield code="a">Dans la premi\xc3\xa8re et la derni\xc3\xa8re partie de la conf\xc3\xa9rence : images parfois sombre et difficilement lisible ( partie sur ordinateur)</subfield>
  </datafield>
  <datafield tag="597" ind1=" " ind2=" ">
    <subfield code="9">review</subfield>
    <subfield code="8">h1</subfield>
    <subfield code="a">Parfois images trop sombres et difficilement lisible (partie sur ordinateur)</subfield>
  </datafield>
  <datafield tag="597" ind1=" " ind2=" ">
    <subfield code="9">review</subfield>
    <subfield code="8">i1</subfield>
    <subfield code="a">Pas de son jusqu\'\xc3\xa0 : 27:50 Images sombre et difficilement lisible (images d\'ordinateur)</subfield>
  </datafield>
  <datafield tag="597" ind1=" " ind2=" ">
    <subfield code="9">review</subfield>
    <subfield code="8">j1</subfield>
    <subfield code="a">Images sombre et difficilement lisible (images d\'ordinateur)</subfield>
  </datafield>
  <datafield tag="597" ind1=" " ind2=" ">
    <subfield code="9">review</subfield>
    <subfield code="8">e1</subfield>
    <subfield code="a">Images sombre et difficilement lisible (images d\'ordinateur)</subfield>
  </datafield>
  <datafield tag="650" ind1="1" ind2="7">
    <subfield code="2">SzGeCERN</subfield>
    <subfield code="a">XX</subfield>
  </datafield>
  <datafield tag="650" ind1="2" ind2="7">
    <subfield code="9">review</subfield>
    <subfield code="a">Data processing</subfield>
  </datafield>
  <datafield tag="653" ind1="1" ind2=" ">
    <subfield code="9">review</subfield>
    <subfield code="8">b</subfield>
    <subfield code="a">WEB</subfield>
  </datafield>
  <datafield tag="653" ind1="1" ind2=" ">
    <subfield code="9">review</subfield>
    <subfield code="8">b</subfield>
    <subfield code="a">conference on the WEB</subfield>
  </datafield>
  <datafield tag="653" ind1="1" ind2=" ">
    <subfield code="9">review</subfield>
    <subfield code="8">b</subfield>
    <subfield code="a">history of the web</subfield>
  </datafield>
  <datafield tag="653" ind1="1" ind2=" ">
    <subfield code="9">review</subfield>
    <subfield code="8">b</subfield>
    <subfield code="a">cyberspace</subfield>
  </datafield>
  <datafield tag="653" ind1="1" ind2=" ">
    <subfield code="9">review</subfield>
    <subfield code="8">b</subfield>
    <subfield code="a">technology</subfield>
  </datafield>
  <datafield tag="653" ind1="1" ind2=" ">
    <subfield code="9">review</subfield>
    <subfield code="8">b</subfield>
    <subfield code="a">WWW94</subfield>
  </datafield>
  <datafield tag="653" ind1="1" ind2=" ">
    <subfield code="9">review</subfield>
    <subfield code="8">b</subfield>
    <subfield code="a">conference</subfield>
  </datafield>
  <datafield tag="653" ind1="1" ind2=" ">
    <subfield code="9">review</subfield>
    <subfield code="8">b</subfield>
    <subfield code="a">cyberespace</subfield>
  </datafield>
  <datafield tag="690" ind1="C" ind2=" ">
    <subfield code="a">CERN</subfield>
  </datafield>
  <datafield tag="690" ind1="C" ind2=" ">
    <subfield code="a">TALK</subfield>
  </datafield>
  <datafield tag="690" ind1="C" ind2=" ">
    <subfield code="a">movingimages</subfield>
  </datafield>
  <datafield tag="690" ind1="C" ind2=" ">
    <subfield code="9">CERN QA</subfield>
    <subfield code="a">quality-controlled</subfield>
  </datafield>
  <datafield tag="690" ind1="C" ind2=" ">
    <subfield code="9">review</subfield>
    <subfield code="a">reviewed</subfield>
  </datafield>
  <datafield tag="710" ind1=" " ind2=" ">
    <subfield code="5">EP</subfield>
  </datafield>
  <datafield tag="852" ind1=" " ind2=" ">
    <subfield code="8">B</subfield>
    <subfield code="a">60</subfield>
    <subfield code="b">Z2721</subfield>
    <subfield code="c">CM-A00000312</subfield>
  </datafield>
  <datafield tag="852" ind1=" " ind2=" ">
    <subfield code="8">C</subfield>
    <subfield code="a">60</subfield>
    <subfield code="b">Z2721</subfield>
    <subfield code="c">CM-A00000312</subfield>
  </datafield>
  <datafield tag="852" ind1=" " ind2=" ">
    <subfield code="8">D</subfield>
    <subfield code="a">60</subfield>
    <subfield code="b">Z2721</subfield>
    <subfield code="c">CM-A00000312</subfield>
  </datafield>
  <datafield tag="852" ind1=" " ind2=" ">
    <subfield code="8">E</subfield>
    <subfield code="a">60</subfield>
    <subfield code="b">Z2721</subfield>
    <subfield code="c">CM-A00000312</subfield>
  </datafield>
  <datafield tag="852" ind1=" " ind2=" ">
    <subfield code="8">F</subfield>
    <subfield code="a">60</subfield>
    <subfield code="b">Z2721</subfield>
    <subfield code="c">CM-A00000312</subfield>
  </datafield>
  <datafield tag="852" ind1=" " ind2=" ">
    <subfield code="8">G</subfield>
    <subfield code="a">60</subfield>
    <subfield code="b">Z2721</subfield>
    <subfield code="c">CM-A00000312</subfield>
  </datafield>
  <datafield tag="852" ind1=" " ind2=" ">
    <subfield code="8">H</subfield>
    <subfield code="a">60</subfield>
    <subfield code="b">Z2721</subfield>
    <subfield code="c">CM-A00000312</subfield>
  </datafield>
  <datafield tag="852" ind1=" " ind2=" ">
    <subfield code="8">I</subfield>
    <subfield code="a">60</subfield>
    <subfield code="b">Z2731</subfield>
    <subfield code="c">CM-A00000312</subfield>
  </datafield>
  <datafield tag="852" ind1=" " ind2=" ">
    <subfield code="8">J</subfield>
    <subfield code="a">60</subfield>
    <subfield code="b">Z2731</subfield>
    <subfield code="c">CM-A00000312</subfield>
  </datafield>
  <datafield tag="852" ind1=" " ind2=" ">
    <subfield code="8">K</subfield>
    <subfield code="a">60</subfield>
    <subfield code="b">Z2731</subfield>
    <subfield code="c">CM-A00000312</subfield>
  </datafield>
  <datafield tag="852" ind1=" " ind2=" ">
    <subfield code="8">L</subfield>
    <subfield code="a">60</subfield>
    <subfield code="b">Z2731</subfield>
    <subfield code="c">CM-A00000312</subfield>
  </datafield>
  <datafield tag="852" ind1=" " ind2=" ">
    <subfield code="8">M</subfield>
    <subfield code="a">60</subfield>
    <subfield code="b">Z2731</subfield>
    <subfield code="c">CM-A00000312</subfield>
  </datafield>
  <datafield tag="852" ind1=" " ind2=" ">
    <subfield code="8">N</subfield>
    <subfield code="a">60</subfield>
    <subfield code="b">Z2731</subfield>
    <subfield code="c">CM-A00000312</subfield>
  </datafield>
  <datafield tag="852" ind1=" " ind2=" ">
    <subfield code="8">O</subfield>
    <subfield code="a">60</subfield>
    <subfield code="b">Z2731</subfield>
    <subfield code="c">CM-A00000312</subfield>
  </datafield>
  <datafield tag="852" ind1=" " ind2=" ">
    <subfield code="8">A1</subfield>
    <subfield code="a">60</subfield>
    <subfield code="b">Z2721</subfield>
    <subfield code="c">CM-A00000311</subfield>
  </datafield>
  <datafield tag="852" ind1=" " ind2=" ">
    <subfield code="8">B1</subfield>
    <subfield code="a">60</subfield>
    <subfield code="b">Z2721</subfield>
    <subfield code="c">CM-A00000311</subfield>
  </datafield>
  <datafield tag="852" ind1=" " ind2=" ">
    <subfield code="8">C1</subfield>
    <subfield code="a">60</subfield>
    <subfield code="b">Z2721</subfield>
    <subfield code="c">CM-A00000311</subfield>
  </datafield>
  <datafield tag="852" ind1=" " ind2=" ">
    <subfield code="8">D1</subfield>
    <subfield code="a">60</subfield>
    <subfield code="b">Z2721</subfield>
    <subfield code="c">CM-A00000311</subfield>
  </datafield>
  <datafield tag="852" ind1=" " ind2=" ">
    <subfield code="8">E1</subfield>
    <subfield code="a">60</subfield>
    <subfield code="b">Z2721</subfield>
    <subfield code="c">CM-A00000311</subfield>
  </datafield>
  <datafield tag="852" ind1=" " ind2=" ">
    <subfield code="8">F1</subfield>
    <subfield code="a">60</subfield>
    <subfield code="b">Z2721</subfield>
    <subfield code="c">CM-A00000311</subfield>
  </datafield>
  <datafield tag="852" ind1=" " ind2=" ">
    <subfield code="8">G1</subfield>
    <subfield code="a">60</subfield>
    <subfield code="b">Z2721</subfield>
    <subfield code="c">CM-A00000311</subfield>
  </datafield>
  <datafield tag="852" ind1=" " ind2=" ">
    <subfield code="8">H1</subfield>
    <subfield code="a">60</subfield>
    <subfield code="b">Z2721</subfield>
    <subfield code="c">CM-A00000311</subfield>
  </datafield>
  <datafield tag="852" ind1=" " ind2=" ">
    <subfield code="8">I1</subfield>
    <subfield code="a">60</subfield>
    <subfield code="b">Z2731</subfield>
    <subfield code="c">CM-A00000311</subfield>
  </datafield>
  <datafield tag="852" ind1=" " ind2=" ">
    <subfield code="8">J1</subfield>
    <subfield code="a">60</subfield>
    <subfield code="b">Z2731</subfield>
    <subfield code="c">CM-A00000311</subfield>
  </datafield>
  <datafield tag="856" ind1="4" ind2=" ">
    <subfield code="u">https://cds.cern.ch/record/278586</subfield>
    <subfield code="y">Proceedings</subfield>
  </datafield>
  <datafield tag="856" ind1="4" ind2=" ">
    <subfield code="2">EOS</subfield>
    <subfield code="q">MP4</subfield>
    <subfield code="u">https://cern.ch/digital-memory/media-archive/video/open/mp4/423168-b.mp4</subfield>
    <subfield code="s">483555303</subfield>
    <subfield code="y">Video-423168-b</subfield>
    <subfield code="z">mp4 video format (640x360)</subfield>
    <subfield code="w">(PICTURAE:MD5)ac_S1V1_423168-b.mp4;419d582084d672e95cf85738fc4e1756</subfield>
    <subfield code="8">b</subfield>
  </datafield>
  <datafield tag="856" ind1="7" ind2=" ">
    <subfield code="2">EOS</subfield>
    <subfield code="q">MKV</subfield>
    <subfield code="d">/eos/media/cds/public/www/digital-memory/media-archive/video/open/mkv/423168-b.mkv</subfield>
    <subfield code="s">41851896658</subfield>
    <subfield code="w">(PICTURAE:MD5)pm_S1V1_423168-b.mkv;05e76c98778449e392a5789a1b5e5de2</subfield>
    <subfield code="8">b</subfield>
  </datafield>
  <datafield tag="856" ind1="7" ind2=" ">
    <subfield code="2">EOS</subfield>
    <subfield code="q">MOV</subfield>
    <subfield code="d">/eos/media/cds/public/www/digital-memory/media-archive/video/open/mov/423168-b.mov</subfield>
    <subfield code="s">12002173199</subfield>
    <subfield code="w">(PICTURAE:MD5)am_S1V1_423168-b.mov;d7338c641477258dee6e0fb75a94c7f2</subfield>
    <subfield code="8">b</subfield>
  </datafield>
  <datafield tag="856" ind1="4" ind2=" ">
    <subfield code="2">EOS</subfield>
    <subfield code="q">MP4</subfield>
    <subfield code="u">https://cern.ch/digital-memory/media-archive/video/open/mp4/423168-c1.mp4</subfield>
    <subfield code="s">403022866</subfield>
    <subfield code="y">Video-423168-c1</subfield>
    <subfield code="z">mp4 video format (640x360)</subfield>
    <subfield code="w">(PICTURAE:MD5)ac_S1V1_423168-c1.mp4;02d61166a4e3fb482473dde63db86c38</subfield>
    <subfield code="8">c1</subfield>
  </datafield>
  <datafield tag="856" ind1="7" ind2=" ">
    <subfield code="2">EOS</subfield>
    <subfield code="q">MKV</subfield>
    <subfield code="d">/eos/media/cds/public/www/digital-memory/media-archive/video/open/mkv/423168-c1.mkv</subfield>
    <subfield code="s">32514867940</subfield>
    <subfield code="w">(PICTURAE:MD5)pm_S1V1_423168-c1.mkv;6a2e3edd994062ec74e8cabca31634fb</subfield>
    <subfield code="8">c1</subfield>
  </datafield>
  <datafield tag="856" ind1="7" ind2=" ">
    <subfield code="2">EOS</subfield>
    <subfield code="q">MOV</subfield>
    <subfield code="d">/eos/media/cds/public/www/digital-memory/media-archive/video/open/mov/423168-c1.mov</subfield>
    <subfield code="s">9917268194</subfield>
    <subfield code="w">(PICTURAE:MD5)am_S1V1_423168-c1.mov;f3a8a08c1f8b2a455f0d36a997dd24ac</subfield>
    <subfield code="8">c1</subfield>
  </datafield>
  <datafield tag="856" ind1="4" ind2=" ">
    <subfield code="2">EOS</subfield>
    <subfield code="q">MP4</subfield>
    <subfield code="u">https://cern.ch/digital-memory/media-archive/video/open/mp4/423168-c.mp4</subfield>
    <subfield code="s">449362046</subfield>
    <subfield code="y">Video-423168-c</subfield>
    <subfield code="z">mp4 video format (640x360)</subfield>
    <subfield code="w">(PICTURAE:MD5)ac_C1V1_423168-c.mp4;83324fde47999678febef68005ad162b</subfield>
    <subfield code="8">c</subfield>
  </datafield>
  <datafield tag="856" ind1="7" ind2=" ">
    <subfield code="2">EOS</subfield>
    <subfield code="q">MKV</subfield>
    <subfield code="d">/eos/media/cds/public/www/digital-memory/media-archive/video/open/mkv/423168-c.mkv</subfield>
    <subfield code="s">33294997413</subfield>
    <subfield code="w">(PICTURAE:MD5)pm_C1V1_423168-c.mkv;dabf5bde4bbd7fb3d9854bf0d77ca929</subfield>
    <subfield code="8">c</subfield>
  </datafield>
  <datafield tag="856" ind1="7" ind2=" ">
    <subfield code="2">EOS</subfield>
    <subfield code="q">MOV</subfield>
    <subfield code="d">/eos/media/cds/public/www/digital-memory/media-archive/video/open/mov/423168-c.mov</subfield>
    <subfield code="s">10956869904</subfield>
    <subfield code="w">(PICTURAE:MD5)am_C1V1_423168-c.mov;6d9511fad51ad08246f4a977b6cc5640</subfield>
    <subfield code="8">c</subfield>
  </datafield>
  <datafield tag="856" ind1="4" ind2=" ">
    <subfield code="2">EOS</subfield>
    <subfield code="q">MP4</subfield>
    <subfield code="u">https://cern.ch/digital-memory/media-archive/video/open/mp4/423168-d.mp4</subfield>
    <subfield code="s">714413822</subfield>
    <subfield code="y">Video-423168-d</subfield>
    <subfield code="z">mp4 video format (640x360)</subfield>
    <subfield code="w">(PICTURAE:MD5)ac_S1V1_423168-d.mp4;3235c54ea7ac9518e2acebcb4691e153</subfield>
    <subfield code="8">d</subfield>
  </datafield>
  <datafield tag="856" ind1="7" ind2=" ">
    <subfield code="2">EOS</subfield>
    <subfield code="q">MKV</subfield>
    <subfield code="d">/eos/media/cds/public/www/digital-memory/media-archive/video/open/mkv/423168-d.mkv</subfield>
    <subfield code="s">63868615926</subfield>
    <subfield code="w">(PICTURAE:MD5)pm_S1V1_423168-d.mkv;7dce4b0fddbaee0a9db27fe072c88863</subfield>
    <subfield code="8">d</subfield>
  </datafield>
  <datafield tag="856" ind1="7" ind2=" ">
    <subfield code="2">EOS</subfield>
    <subfield code="q">MOV</subfield>
    <subfield code="d">/eos/media/cds/public/www/digital-memory/media-archive/video/open/mov/423168-d.mov</subfield>
    <subfield code="s">17849138668</subfield>
    <subfield code="w">(PICTURAE:MD5)am_S1V1_423168-d.mov;840796c801eb767d2493804e483cdbfe</subfield>
    <subfield code="8">d</subfield>
  </datafield>
  <datafield tag="856" ind1="4" ind2=" ">
    <subfield code="2">EOS</subfield>
    <subfield code="q">MP4</subfield>
    <subfield code="u">https://cern.ch/digital-memory/media-archive/video/open/mp4/423168-h.mp4</subfield>
    <subfield code="s">977258738</subfield>
    <subfield code="y">Video-423168-h</subfield>
    <subfield code="z">mp4 video format (640x360)</subfield>
    <subfield code="w">(PICTURAE:MD5)ac_S1V1_423168-h.mp4;9c4013b9aafa3cc6165b689a56e3cdb7</subfield>
    <subfield code="8">h</subfield>
  </datafield>
  <datafield tag="856" ind1="7" ind2=" ">
    <subfield code="2">EOS</subfield>
    <subfield code="q">MKV</subfield>
    <subfield code="d">/eos/media/cds/public/www/digital-memory/media-archive/video/open/mkv/423168-h.mkv</subfield>
    <subfield code="s">72431331930</subfield>
    <subfield code="w">(PICTURAE:MD5)pm_S1V1_423168-h.mkv;a106bc0425bd0f4faab94a339bef23f0</subfield>
    <subfield code="8">h</subfield>
  </datafield>
  <datafield tag="856" ind1="7" ind2=" ">
    <subfield code="2">EOS</subfield>
    <subfield code="q">MOV</subfield>
    <subfield code="d">/eos/media/cds/public/www/digital-memory/media-archive/video/open/mov/423168-h.mov</subfield>
    <subfield code="s">24040758857</subfield>
    <subfield code="w">(PICTURAE:MD5)am_S1V1_423168-h.mov;ad33e2e0462ef674ab94d8fdd94ef39d</subfield>
    <subfield code="8">h</subfield>
  </datafield>
  <datafield tag="856" ind1="4" ind2=" ">
    <subfield code="2">EOS</subfield>
    <subfield code="q">MP4</subfield>
    <subfield code="u">https://cern.ch/digital-memory/media-archive/video/open/mp4/423168-i.mp4</subfield>
    <subfield code="s">503840654</subfield>
    <subfield code="y">Video-423168-i</subfield>
    <subfield code="z">mp4 video format (640x360)</subfield>
    <subfield code="w">(PICTURAE:MD5)ac_S1V1_423168-i.mp4;626de2fc488916b4f3297ecf0d8c54d9</subfield>
    <subfield code="8">i</subfield>
  </datafield>
  <datafield tag="856" ind1="7" ind2=" ">
    <subfield code="2">EOS</subfield>
    <subfield code="q">MKV</subfield>
    <subfield code="d">/eos/media/cds/public/www/digital-memory/media-archive/video/open/mkv/423168-i.mkv</subfield>
    <subfield code="s">40208863029</subfield>
    <subfield code="w">(PICTURAE:MD5)pm_S1V1_423168-i.mkv;2d9f5ca05582f613ad2815fded029333</subfield>
    <subfield code="8">i</subfield>
  </datafield>
  <datafield tag="856" ind1="7" ind2=" ">
    <subfield code="2">EOS</subfield>
    <subfield code="q">MOV</subfield>
    <subfield code="d">/eos/media/cds/public/www/digital-memory/media-archive/video/open/mov/423168-i.mov</subfield>
    <subfield code="s">12362523103</subfield>
    <subfield code="w">(PICTURAE:MD5)am_S1V1_423168-i.mov;bc0c07db36533c6b056acfa5f8e63941</subfield>
    <subfield code="8">i</subfield>
  </datafield>
  <datafield tag="856" ind1="4" ind2=" ">
    <subfield code="2">EOS</subfield>
    <subfield code="q">MP4</subfield>
    <subfield code="u">https://cern.ch/digital-memory/media-archive/video/open/mp4/423168-j.mp4</subfield>
    <subfield code="s">719385433</subfield>
    <subfield code="y">Video-423168-j</subfield>
    <subfield code="z">mp4 video format (640x360)</subfield>
    <subfield code="w">(PICTURAE:MD5)ac_S1V1_423168-j.mp4;5afeb7a0a79aa0ff4775a3ba506449db</subfield>
    <subfield code="8">j</subfield>
  </datafield>
  <datafield tag="856" ind1="7" ind2=" ">
    <subfield code="2">EOS</subfield>
    <subfield code="q">MKV</subfield>
    <subfield code="d">/eos/media/cds/public/www/digital-memory/media-archive/video/open/mkv/423168-j.mkv</subfield>
    <subfield code="s">63813214291</subfield>
    <subfield code="w">(PICTURAE:MD5)pm_S1V1_423168-j.mkv;3341eb97d4a4686a0439eda5a2091402</subfield>
    <subfield code="8">j</subfield>
  </datafield>
  <datafield tag="856" ind1="7" ind2=" ">
    <subfield code="2">EOS</subfield>
    <subfield code="q">MOV</subfield>
    <subfield code="d">/eos/media/cds/public/www/digital-memory/media-archive/video/open/mov/423168-j.mov</subfield>
    <subfield code="s">17888557817</subfield>
    <subfield code="w">(PICTURAE:MD5)am_S1V1_423168-j.mov;5c22e0b990ac8bbee81743c79811746f</subfield>
    <subfield code="8">j</subfield>
  </datafield>
  <datafield tag="856" ind1="4" ind2=" ">
    <subfield code="2">EOS</subfield>
    <subfield code="q">MP4</subfield>
    <subfield code="u">https://cern.ch/digital-memory/media-archive/video/open/mp4/423168-k.mp4</subfield>
    <subfield code="s">490905382</subfield>
    <subfield code="y">Video-423168-k</subfield>
    <subfield code="z">mp4 video format (640x360)</subfield>
    <subfield code="w">(PICTURAE:MD5)ac_S1V1_423168-k.mp4;2b7b69fe537ab00cd6a3b8439ca2d29f</subfield>
    <subfield code="8">k</subfield>
  </datafield>
  <datafield tag="856" ind1="7" ind2=" ">
    <subfield code="2">EOS</subfield>
    <subfield code="q">MKV</subfield>
    <subfield code="d">/eos/media/cds/public/www/digital-memory/media-archive/video/open/mkv/423168-k.mkv</subfield>
    <subfield code="s">39251873231</subfield>
    <subfield code="w">(PICTURAE:MD5)pm_S1V1_423168-k.mkv;fc3a48c4a38bd25c1832d53d2bdba911</subfield>
    <subfield code="8">k</subfield>
  </datafield>
  <datafield tag="856" ind1="7" ind2=" ">
    <subfield code="2">EOS</subfield>
    <subfield code="q">MOV</subfield>
    <subfield code="d">/eos/media/cds/public/www/digital-memory/media-archive/video/open/mov/423168-k.mov</subfield>
    <subfield code="s">12029555035</subfield>
    <subfield code="w">(PICTURAE:MD5)am_S1V1_423168-k.mov;f101ff974d196e74e1f0b59ad0359b98</subfield>
    <subfield code="8">k</subfield>
  </datafield>
  <datafield tag="856" ind1="4" ind2=" ">
    <subfield code="2">EOS</subfield>
    <subfield code="q">MP4</subfield>
    <subfield code="u">https://cern.ch/digital-memory/media-archive/video/open/mp4/423168-l.mp4</subfield>
    <subfield code="s">186784882</subfield>
    <subfield code="y">Video-423168-l</subfield>
    <subfield code="z">mp4 video format (640x360)</subfield>
    <subfield code="w">(PICTURAE:MD5)ac_S1V1_423168-l.mp4;342bda161a3b378b516ccb49388ccb39</subfield>
    <subfield code="8">l</subfield>
  </datafield>
  <datafield tag="856" ind1="7" ind2=" ">
    <subfield code="2">EOS</subfield>
    <subfield code="q">MKV</subfield>
    <subfield code="d">/eos/media/cds/public/www/digital-memory/media-archive/video/open/mkv/423168-l.mkv</subfield>
    <subfield code="s">15563639075</subfield>
    <subfield code="w">(PICTURAE:MD5)pm_S1V1_423168-l.mkv;3c3b49df40fd2622da4b5a2f279ff390</subfield>
    <subfield code="8">l</subfield>
  </datafield>
  <datafield tag="856" ind1="7" ind2=" ">
    <subfield code="2">EOS</subfield>
    <subfield code="q">MOV</subfield>
    <subfield code="d">/eos/media/cds/public/www/digital-memory/media-archive/video/open/mov/423168-l.mov</subfield>
    <subfield code="s">4608538625</subfield>
    <subfield code="w">(PICTURAE:MD5)am_S1V1_423168-l.mov;0b9ccf285d06074b120761581fb6ff5d</subfield>
    <subfield code="8">l</subfield>
  </datafield>
  <datafield tag="856" ind1="4" ind2=" ">
    <subfield code="2">EOS</subfield>
    <subfield code="q">MP4</subfield>
    <subfield code="u">https://cern.ch/digital-memory/media-archive/video/open/mp4/423168-n.mp4</subfield>
    <subfield code="s">424654154</subfield>
    <subfield code="y">Video-423168-n</subfield>
    <subfield code="z">mp4 video format (640x360)</subfield>
    <subfield code="w">(PICTURAE:MD5)ac_S1V1_423168-n.mp4;da4825bc9d789e886c7a9373bbdb519e</subfield>
    <subfield code="8">n</subfield>
  </datafield>
  <datafield tag="856" ind1="7" ind2=" ">
    <subfield code="2">EOS</subfield>
    <subfield code="q">MKV</subfield>
    <subfield code="d">/eos/media/cds/public/www/digital-memory/media-archive/video/open/mkv/423168-n.mkv</subfield>
    <subfield code="s">37181910121</subfield>
    <subfield code="w">(PICTURAE:MD5)pm_S1V1_423168-n.mkv;12500d25de03b6e65e171b4d70f955d2</subfield>
    <subfield code="8">n</subfield>
  </datafield>
  <datafield tag="856" ind1="7" ind2=" ">
    <subfield code="2">EOS</subfield>
    <subfield code="q">MOV</subfield>
    <subfield code="d">/eos/media/cds/public/www/digital-memory/media-archive/video/open/mov/423168-n.mov</subfield>
    <subfield code="s">10545629089</subfield>
    <subfield code="w">(PICTURAE:MD5)am_S1V1_423168-n.mov;4bcdc1c67dc56fa300d0c3ea94216b9a</subfield>
    <subfield code="8">n</subfield>
  </datafield>
  <datafield tag="856" ind1="4" ind2=" ">
    <subfield code="2">EOS</subfield>
    <subfield code="q">MP4</subfield>
    <subfield code="u">https://cern.ch/digital-memory/media-archive/video/open/mp4/423168-o.mp4</subfield>
    <subfield code="s">651670108</subfield>
    <subfield code="y">Video-423168-o</subfield>
    <subfield code="z">mp4 video format (640x360)</subfield>
    <subfield code="w">(PICTURAE:MD5)ac_S1V1_423168-o.mp4;71d4e3661e12b28fa79d9e430008e3ae</subfield>
    <subfield code="8">o</subfield>
  </datafield>
  <datafield tag="856" ind1="7" ind2=" ">
    <subfield code="2">EOS</subfield>
    <subfield code="q">MKV</subfield>
    <subfield code="d">/eos/media/cds/public/www/digital-memory/media-archive/video/open/mkv/423168-o.mkv</subfield>
    <subfield code="s">52758698720</subfield>
    <subfield code="w">(PICTURAE:MD5)pm_S1V1_423168-o.mkv;4030a4aae50fcf940ed80cc362ca2fe9</subfield>
    <subfield code="8">o</subfield>
  </datafield>
  <datafield tag="856" ind1="7" ind2=" ">
    <subfield code="2">EOS</subfield>
    <subfield code="q">MOV</subfield>
    <subfield code="d">/eos/media/cds/public/www/digital-memory/media-archive/video/open/mov/423168-o.mov</subfield>
    <subfield code="s">16110408899</subfield>
    <subfield code="w">(PICTURAE:MD5)am_S1V1_423168-o.mov;df513b7b154281ee0db0c343463bd3c4</subfield>
    <subfield code="8">o</subfield>
  </datafield>
  <datafield tag="856" ind1="4" ind2=" ">
    <subfield code="2">EOS</subfield>
    <subfield code="q">MP4</subfield>
    <subfield code="u">https://cern.ch/digital-memory/media-archive/video/open/mp4/423168-f.mp4</subfield>
    <subfield code="s">987390755</subfield>
    <subfield code="y">Video-423168-f</subfield>
    <subfield code="z">mp4 video format (640x360)</subfield>
    <subfield code="w">(PICTURAE:MD5)ac_S1V1_423168-f.mp4;3e2613055ba776c928300eff8981a0ef</subfield>
    <subfield code="8">f</subfield>
  </datafield>
  <datafield tag="856" ind1="7" ind2=" ">
    <subfield code="2">EOS</subfield>
    <subfield code="q">MKV</subfield>
    <subfield code="d">/eos/media/cds/public/www/digital-memory/media-archive/video/open/mkv/423168-f.mkv</subfield>
    <subfield code="s">21559132011</subfield>
    <subfield code="w">(PICTURAE:MD5)pm_S1V1_423168-f.mkv;97fb4af4608fd883ed5b94458acab8f1</subfield>
    <subfield code="8">f</subfield>
  </datafield>
  <datafield tag="856" ind1="7" ind2=" ">
    <subfield code="2">EOS</subfield>
    <subfield code="q">MOV</subfield>
    <subfield code="d">/eos/media/cds/public/www/digital-memory/media-archive/video/open/mov/423168-f.mov</subfield>
    <subfield code="s">8338284811</subfield>
    <subfield code="w">(PICTURAE:MD5)am_S1V1_423168-f.mov;8e5a332dec403dfc8da5ea097e3e6066</subfield>
    <subfield code="8">f</subfield>
  </datafield>
  <datafield tag="856" ind1="4" ind2=" ">
    <subfield code="2">EOS</subfield>
    <subfield code="q">MP4</subfield>
    <subfield code="u">https://cern.ch/digital-memory/media-archive/video/open/mp4/423168-a.mp4</subfield>
    <subfield code="s">485963850</subfield>
    <subfield code="y">Video-423168-a</subfield>
    <subfield code="z">mp4 video format (640x360)</subfield>
    <subfield code="w">(PICTURAE:MD5)ac_C1V1_423168-a.mp4;1d5d87719ce632857b05c8f8de4ec936</subfield>
    <subfield code="8">a</subfield>
  </datafield>
  <datafield tag="856" ind1="7" ind2=" ">
    <subfield code="2">EOS</subfield>
    <subfield code="q">MKV</subfield>
    <subfield code="d">/eos/media/cds/public/www/digital-memory/media-archive/video/open/mkv/423168-a.mkv</subfield>
    <subfield code="s">35867242612</subfield>
    <subfield code="w">(PICTURAE:MD5)pm_C1V1_423168-a.mkv;02e006de59c7686523cadf68cc1969b6</subfield>
    <subfield code="8">a</subfield>
  </datafield>
  <datafield tag="856" ind1="7" ind2=" ">
    <subfield code="2">EOS</subfield>
    <subfield code="q">MOV</subfield>
    <subfield code="d">/eos/media/cds/public/www/digital-memory/media-archive/video/open/mov/423168-a.mov</subfield>
    <subfield code="s">11705627011</subfield>
    <subfield code="w">(PICTURAE:MD5)am_C1V1_423168-a.mov;bf1b7ba08b1a7fb5035c6dccfc6a4b16</subfield>
    <subfield code="8">a</subfield>
  </datafield>
  <datafield tag="856" ind1="4" ind2=" ">
    <subfield code="2">EOS</subfield>
    <subfield code="q">MP4</subfield>
    <subfield code="u">https://cern.ch/digital-memory/media-archive/video/open/mp4/423168-b1.mp4</subfield>
    <subfield code="s">433632368</subfield>
    <subfield code="y">Video-423168-b1</subfield>
    <subfield code="z">mp4 video format (640x360)</subfield>
    <subfield code="w">(PICTURAE:MD5)ac_C1V1_423168-b1.mp4;ce80c8f54a6e00be67784f5d7a7e8fa3</subfield>
    <subfield code="8">b1</subfield>
  </datafield>
  <datafield tag="856" ind1="7" ind2=" ">
    <subfield code="2">EOS</subfield>
    <subfield code="q">MKV</subfield>
    <subfield code="d">/eos/media/cds/public/www/digital-memory/media-archive/video/open/mkv/423168-b1.mkv</subfield>
    <subfield code="s">25669081844</subfield>
    <subfield code="w">(PICTURAE:MD5)pm_C1V1_423168-b1.mkv;b6ec2406da112537448539643d636d53</subfield>
    <subfield code="8">b1</subfield>
  </datafield>
  <datafield tag="856" ind1="7" ind2=" ">
    <subfield code="2">EOS</subfield>
    <subfield code="q">MOV</subfield>
    <subfield code="d">/eos/media/cds/public/www/digital-memory/media-archive/video/open/mov/423168-b1.mov</subfield>
    <subfield code="s">10535171612</subfield>
    <subfield code="w">(PICTURAE:MD5)am_C1V1_423168-b1.mov;3b416bd992a91105acb7b61c8c82d328</subfield>
    <subfield code="8">b1</subfield>
  </datafield>
  <datafield tag="856" ind1="4" ind2=" ">
    <subfield code="2">EOS</subfield>
    <subfield code="q">MP4</subfield>
    <subfield code="u">https://cern.ch/digital-memory/media-archive/video/open/mp4/423168-d1.mp4</subfield>
    <subfield code="s">420865529</subfield>
    <subfield code="y">Video-423168-d1</subfield>
    <subfield code="z">mp4 video format (640x360)</subfield>
    <subfield code="w">(PICTURAE:MD5)ac_C1V1_423168-d1.mp4;a7db97acc5d46e3a0d8c97b3f6a6ed57</subfield>
    <subfield code="8">d1</subfield>
  </datafield>
  <datafield tag="856" ind1="7" ind2=" ">
    <subfield code="2">EOS</subfield>
    <subfield code="q">MKV</subfield>
    <subfield code="d">/eos/media/cds/public/www/digital-memory/media-archive/video/open/mkv/423168-d1.mkv</subfield>
    <subfield code="s">23940360218</subfield>
    <subfield code="w">(PICTURAE:MD5)pm_C1V1_423168-d1.mkv;f3d4e94745a399c7301b515cb9efca5d</subfield>
    <subfield code="8">d1</subfield>
  </datafield>
  <datafield tag="856" ind1="7" ind2=" ">
    <subfield code="2">EOS</subfield>
    <subfield code="q">MOV</subfield>
    <subfield code="d">/eos/media/cds/public/www/digital-memory/media-archive/video/open/mov/423168-d1.mov</subfield>
    <subfield code="s">10049129069</subfield>
    <subfield code="w">(PICTURAE:MD5)am_C1V1_423168-d1.mov;def90a3ce778202024e3af495421a036</subfield>
    <subfield code="8">d1</subfield>
  </datafield>
  <datafield tag="856" ind1="4" ind2=" ">
    <subfield code="2">EOS</subfield>
    <subfield code="q">MP4</subfield>
    <subfield code="u">https://cern.ch/digital-memory/media-archive/video/open/mp4/423168-f1.mp4</subfield>
    <subfield code="s">593045521</subfield>
    <subfield code="y">Video-423168-f1</subfield>
    <subfield code="z">mp4 video format (640x360)</subfield>
    <subfield code="w">(PICTURAE:MD5)ac_C1V1_423168-f1.mp4;f4762939884baa3511f729b96fec2166</subfield>
    <subfield code="8">f1</subfield>
  </datafield>
  <datafield tag="856" ind1="7" ind2=" ">
    <subfield code="2">EOS</subfield>
    <subfield code="q">MKV</subfield>
    <subfield code="d">/eos/media/cds/public/www/digital-memory/media-archive/video/open/mkv/423168-f1.mkv</subfield>
    <subfield code="s">33577902252</subfield>
    <subfield code="w">(PICTURAE:MD5)pm_C1V1_423168-f1.mkv;ddd882cbd6de6060311f0725d7472f88</subfield>
    <subfield code="8">f1</subfield>
  </datafield>
  <datafield tag="856" ind1="7" ind2=" ">
    <subfield code="2">EOS</subfield>
    <subfield code="q">MOV</subfield>
    <subfield code="d">/eos/media/cds/public/www/digital-memory/media-archive/video/open/mov/423168-f1.mov</subfield>
    <subfield code="s">14251597444</subfield>
    <subfield code="w">(PICTURAE:MD5)am_C1V1_423168-f1.mov;e07e673522aa0516836bb8901c332483</subfield>
    <subfield code="8">f1</subfield>
  </datafield>
  <datafield tag="856" ind1="4" ind2=" ">
    <subfield code="2">EOS</subfield>
    <subfield code="q">MP4</subfield>
    <subfield code="u">https://cern.ch/digital-memory/media-archive/video/open/mp4/423168-g1.mp4</subfield>
    <subfield code="s">448991256</subfield>
    <subfield code="y">Video-423168-g1</subfield>
    <subfield code="z">mp4 video format (640x360)</subfield>
    <subfield code="w">(PICTURAE:MD5)ac_C1V1_423168-g1.mp4;17827b95062e7cdd655ea9b96212aaf3</subfield>
    <subfield code="8">g1</subfield>
  </datafield>
  <datafield tag="856" ind1="7" ind2=" ">
    <subfield code="2">EOS</subfield>
    <subfield code="q">MKV</subfield>
    <subfield code="d">/eos/media/cds/public/www/digital-memory/media-archive/video/open/mkv/423168-g1.mkv</subfield>
    <subfield code="s">25599014841</subfield>
    <subfield code="w">(PICTURAE:MD5)pm_C1V1_423168-g1.mkv;2009af41b32745230eb10540379f264a</subfield>
    <subfield code="8">g1</subfield>
  </datafield>
  <datafield tag="856" ind1="7" ind2=" ">
    <subfield code="2">EOS</subfield>
    <subfield code="q">MOV</subfield>
    <subfield code="d">/eos/media/cds/public/www/digital-memory/media-archive/video/open/mov/423168-g1.mov</subfield>
    <subfield code="s">10918602503</subfield>
    <subfield code="w">(PICTURAE:MD5)am_C1V1_423168-g1.mov;3650fe274d645e9b72b39da834b7904f</subfield>
    <subfield code="8">g1</subfield>
  </datafield>
  <datafield tag="856" ind1="4" ind2=" ">
    <subfield code="2">EOS</subfield>
    <subfield code="q">MP4</subfield>
    <subfield code="u">https://cern.ch/digital-memory/media-archive/video/open/mp4/423168-h1.mp4</subfield>
    <subfield code="s">568094569</subfield>
    <subfield code="y">Video-423168-h1</subfield>
    <subfield code="z">mp4 video format (640x360)</subfield>
    <subfield code="w">(PICTURAE:MD5)ac_C1V1_423168-h1.mp4;91ec7b07fbc7588e5e55a42baba849a2</subfield>
    <subfield code="8">h1</subfield>
  </datafield>
  <datafield tag="856" ind1="7" ind2=" ">
    <subfield code="2">EOS</subfield>
    <subfield code="q">MKV</subfield>
    <subfield code="d">/eos/media/cds/public/www/digital-memory/media-archive/video/open/mkv/423168-h1.mkv</subfield>
    <subfield code="s">42256415805</subfield>
    <subfield code="w">(PICTURAE:MD5)pm_C1V1_423168-h1.mkv;586fc0120c03d010b0310279556a48ff</subfield>
    <subfield code="8">h1</subfield>
  </datafield>
  <datafield tag="856" ind1="7" ind2=" ">
    <subfield code="2">EOS</subfield>
    <subfield code="q">MOV</subfield>
    <subfield code="d">/eos/media/cds/public/www/digital-memory/media-archive/video/open/mov/423168-h1.mov</subfield>
    <subfield code="s">14082697444</subfield>
    <subfield code="w">(PICTURAE:MD5)am_C1V1_423168-h1.mov;e03b31bbba09650aee18f7e3df45b32d</subfield>
    <subfield code="8">h1</subfield>
  </datafield>
  <datafield tag="856" ind1="4" ind2=" ">
    <subfield code="2">EOS</subfield>
    <subfield code="q">MP4</subfield>
    <subfield code="u">https://cern.ch/digital-memory/media-archive/video/open/mp4/423168-i1.mp4</subfield>
    <subfield code="s">590456349</subfield>
    <subfield code="y">Video-423168-i1</subfield>
    <subfield code="z">mp4 video format (640x360)</subfield>
    <subfield code="w">(PICTURAE:MD5)ac_C1V1_423168-i1.mp4;201a92164d2ef84cffabf56e2be73a56</subfield>
    <subfield code="8">i1</subfield>
  </datafield>
  <datafield tag="856" ind1="7" ind2=" ">
    <subfield code="2">EOS</subfield>
    <subfield code="q">MKV</subfield>
    <subfield code="d">/eos/media/cds/public/www/digital-memory/media-archive/video/open/mkv/423168-i1.mkv</subfield>
    <subfield code="s">29695541757</subfield>
    <subfield code="w">(PICTURAE:MD5)pm_C1V1_423168-i1.mkv;0c6af219c07d369b8b83e345f89a39ea</subfield>
    <subfield code="8">i1</subfield>
  </datafield>
  <datafield tag="856" ind1="7" ind2=" ">
    <subfield code="2">EOS</subfield>
    <subfield code="q">MOV</subfield>
    <subfield code="d">/eos/media/cds/public/www/digital-memory/media-archive/video/open/mov/423168-i1.mov</subfield>
    <subfield code="s">13239872244</subfield>
    <subfield code="w">(PICTURAE:MD5)am_C1V1_423168-i1.mov;e3d30fd80d4f02d027048b644d560cbb</subfield>
    <subfield code="8">i1</subfield>
  </datafield>
  <datafield tag="856" ind1="4" ind2=" ">
    <subfield code="2">EOS</subfield>
    <subfield code="q">MP4</subfield>
    <subfield code="u">https://cern.ch/digital-memory/media-archive/video/open/mp4/423168-j1.mp4</subfield>
    <subfield code="s">300903262</subfield>
    <subfield code="y">Video-423168-j1</subfield>
    <subfield code="z">mp4 video format (640x360)</subfield>
    <subfield code="w">(PICTURAE:MD5)ac_C1V1_423168-j1.mp4;3ef1ded6c398bfbaccd6601357213181</subfield>
    <subfield code="8">j1</subfield>
  </datafield>
  <datafield tag="856" ind1="7" ind2=" ">
    <subfield code="2">EOS</subfield>
    <subfield code="q">MKV</subfield>
    <subfield code="d">/eos/media/cds/public/www/digital-memory/media-archive/video/open/mkv/423168-j1.mkv</subfield>
    <subfield code="s">22418799372</subfield>
    <subfield code="w">(PICTURAE:MD5)pm_C1V1_423168-j1.mkv;1c6151db2deddf13d66bdd41afb425d1</subfield>
    <subfield code="8">j1</subfield>
  </datafield>
  <datafield tag="856" ind1="7" ind2=" ">
    <subfield code="2">EOS</subfield>
    <subfield code="q">MOV</subfield>
    <subfield code="d">/eos/media/cds/public/www/digital-memory/media-archive/video/open/mov/423168-j1.mov</subfield>
    <subfield code="s">7280602751</subfield>
    <subfield code="w">(PICTURAE:MD5)am_C1V1_423168-j1.mov;35fc3d1b579cc165d222fb6df842fccf</subfield>
    <subfield code="8">j1</subfield>
  </datafield>
  <datafield tag="856" ind1="4" ind2=" ">
    <subfield code="2">EOS</subfield>
    <subfield code="q">MP4</subfield>
    <subfield code="u">https://cern.ch/digital-memory/media-archive/video/open/mp4/423168-e.mp4</subfield>
    <subfield code="s">716247866</subfield>
    <subfield code="y">Video-423168-e</subfield>
    <subfield code="z">mp4 video format (640x360)</subfield>
    <subfield code="w">(PICTURAE:MD5)ac_S1V1_423168-e.mp4;13b41152defbd46c17fd78991fb701c9</subfield>
    <subfield code="8">e</subfield>
  </datafield>
  <datafield tag="856" ind1="7" ind2=" ">
    <subfield code="2">EOS</subfield>
    <subfield code="q">MKV</subfield>
    <subfield code="d">/eos/media/cds/public/www/digital-memory/media-archive/video/open/mkv/423168-e.mkv</subfield>
    <subfield code="s">64749858619</subfield>
    <subfield code="w">(PICTURAE:MD5)pm_S1V1_423168-e.mkv;2ea11a8591ee80f666c2bac9da9774c5</subfield>
    <subfield code="8">e</subfield>
  </datafield>
  <datafield tag="856" ind1="7" ind2=" ">
    <subfield code="2">EOS</subfield>
    <subfield code="q">MOV</subfield>
    <subfield code="d">/eos/media/cds/public/www/digital-memory/media-archive/video/open/mov/423168-e.mov</subfield>
    <subfield code="s">17872755974</subfield>
    <subfield code="w">(PICTURAE:MD5)am_S1V1_423168-e.mov;3abea4ae31dace7e67b084e475041f49</subfield>
    <subfield code="8">e</subfield>
  </datafield>
  <datafield tag="856" ind1="4" ind2=" ">
    <subfield code="2">EOS</subfield>
    <subfield code="q">MP4</subfield>
    <subfield code="u">https://cern.ch/digital-memory/media-archive/video/open/mp4/423168-e1.mp4</subfield>
    <subfield code="s">603684536</subfield>
    <subfield code="y">Video-423168-e1</subfield>
    <subfield code="z">mp4 video format (640x360)</subfield>
    <subfield code="w">(PICTURAE:MD5)ac_C1V1_423168-e1.mp4;2fa2446c4f63c34f0331e738817f0782</subfield>
    <subfield code="8">e1</subfield>
  </datafield>
  <datafield tag="856" ind1="7" ind2=" ">
    <subfield code="2">EOS</subfield>
    <subfield code="q">MKV</subfield>
    <subfield code="d">/eos/media/cds/public/www/digital-memory/media-archive/video/open/mkv/423168-e1.mkv</subfield>
    <subfield code="s">30824881590</subfield>
    <subfield code="w">(PICTURAE:MD5)pm_C1V1_423168-e1.mkv;3f67f38369020ea83a30b4842be7ad92</subfield>
    <subfield code="8">e1</subfield>
  </datafield>
  <datafield tag="856" ind1="7" ind2=" ">
    <subfield code="2">EOS</subfield>
    <subfield code="q">MOV</subfield>
    <subfield code="d">/eos/media/cds/public/www/digital-memory/media-archive/video/open/mov/423168-e1.mov</subfield>
    <subfield code="s">14198211446</subfield>
    <subfield code="w">(PICTURAE:MD5)am_C1V1_423168-e1.mov;3ddc9a6b0180f17c81a12b5a6dd70ad8</subfield>
    <subfield code="8">e1</subfield>
  </datafield>
  <datafield tag="916" ind1=" " ind2=" ">
    <subfield code="s">h</subfield>
    <subfield code="w">200004</subfield>
  </datafield>
  <datafield tag="960" ind1=" " ind2=" ">
    <subfield code="a">200</subfield>
  </datafield>
  <datafield tag="961" ind1=" " ind2=" ">
    <subfield code="c">20100226</subfield>
    <subfield code="h">2004</subfield>
    <subfield code="l">CER01</subfield>
    <subfield code="x">20000124</subfield>
  </datafield>
  <datafield tag="961" ind1=" " ind2=" ">
    <subfield code="a">Tom Barth\xc3\xa9l\xc3\xa9my</subfield>
    <subfield code="b">Curator</subfield>
    <subfield code="x">2021-03-01</subfield>
  </datafield>
  <datafield tag="962" ind1=" " ind2=" ">
    <subfield code="b">539139</subfield>
    <subfield code="n">cern900101h</subfield>
  </datafield>
  <datafield tag="963" ind1=" " ind2=" ">
    <subfield code="a">PUBLIC</subfield>
  </datafield>
  <datafield tag="963" ind1=" " ind2=" ">
    <subfield code="9">review</subfield>
    <subfield code="a">PUBLIC</subfield>
  </datafield>
  <datafield tag="970" ind1=" " ind2=" ">
    <subfield code="a">002171415CER</subfield>
  </datafield>
  <datafield tag="970" ind1=" " ind2=" ">
    <subfield code="a">000423168CER</subfield>
  </datafield>
  <datafield tag="980" ind1=" " ind2=" ">
    <subfield code="a">VIDEOARC</subfield>
  </datafield>
  <datafield tag="980" ind1=" " ind2=" ">
    <subfield code="a">Indico</subfield>
    <subfield code="b">SSW</subfield>
  </datafield>
</record>