
</collection>
<collection xmlns="http://www.loc.gov/MARC21/slim">
<record>
  <controlfield tag="001">423105</controlfield>
  <controlfield tag="003">GeCERN</controlfield>
  <controlfield tag="005">20221102232443.0</controlfield>
  <datafield tag="024" ind1="8" ind2=" ">
    <subfield code="a">oai:cds.cern.ch:423105</subfield>
    <subfield code="p">cerncds:TALK</subfield>
    <subfield code="p">cerncds:MEMORIAV</subfield>
  </datafield>
  <datafield tag="041" ind1=" " ind2=" ">
    <subfield code="9">review</subfield>
    <subfield code="a">eng</subfield>
  </datafield>
  <datafield tag="088" ind1=" " ind2=" ">
    <subfield code="9">CERN-VIDEO-C-129-A</subfield>
  </datafield>
  <datafield tag="088" ind1=" " ind2=" ">
    <subfield code="9">CERN-VIDEO-C-129-B</subfield>
  </datafield>
  <datafield tag="088" ind1=" " ind2=" ">
    <subfield code="9">CERN-VIDEO-C-129-C</subfield>
  </datafield>
  <datafield tag="088" ind1=" " ind2=" ">
    <subfield code="9">CERN-VIDEO-C-129-D</subfield>
  </datafield>
  <datafield tag="088" ind1=" " ind2=" ">
    <subfield code="9">CERN-VIDEO-C-129-E</subfield>
  </datafield>
  <datafield tag="088" ind1=" " ind2=" ">
    <subfield code="9">CERN-VIDEO-C-129-F</subfield>
  </datafield>
  <datafield tag="088" ind1=" " ind2=" ">
    <subfield code="9">CERN-VIDEO-C-129-G</subfield>
  </datafield>
  <datafield tag="088" ind1=" " ind2=" ">
    <subfield code="9">CERN-VIDEO-C-129-H</subfield>
  </datafield>
  <datafield tag="088" ind1=" " ind2=" ">
    <subfield code="9">CERN-VIDEO-C-129-I</subfield>
  </datafield>
  <datafield tag="088" ind1=" " ind2=" ">
    <subfield code="9">CERN-VIDEO-C-129-J</subfield>
  </datafield>
  <datafield tag="088" ind1=" " ind2=" ">
    <subfield code="9">CERN-VIDEO-C-129-K</subfield>
  </datafield>
  <datafield tag="088" ind1=" " ind2=" ">
    <subfield code="9">CERN-VIDEO-C-129-L</subfield>
  </datafield>
  <datafield tag="088" ind1=" " ind2=" ">
    <subfield code="9">CERN-VIDEO-C-129-M</subfield>
  </datafield>
  <datafield tag="088" ind1=" " ind2=" ">
    <subfield code="9">CERN-VIDEO-C-129-N</subfield>
  </datafield>
  <datafield tag="088" ind1=" " ind2=" ">
    <subfield code="9">CERN-VIDEO-C-129-O</subfield>
  </datafield>
  <datafield tag="088" ind1=" " ind2=" ">
    <subfield code="9">CERN-VIDEO-C-129-P</subfield>
  </datafield>
  <datafield tag="110" ind1=" " ind2=" ">
    <subfield code="a">CERN. Geneva</subfield>
  </datafield>
  <datafield tag="245" ind1=" " ind2=" ">
    <subfield code="a">13th european cosmic ray symposium</subfield>
  </datafield>
  <datafield tag="260" ind1=" " ind2=" ">
    <subfield code="c">1992-07-27</subfield>
  </datafield>
  <datafield tag="260" ind1=" " ind2=" ">
    <subfield code="9">review</subfield>
    <subfield code="c">1992 07 27</subfield>
  </datafield>
  <datafield tag="260" ind1=" " ind2=" ">
    <subfield code="9">review Mar2021</subfield>
    <subfield code="c">1992</subfield>
    <subfield code="8">n</subfield>
  </datafield>
  <datafield tag="269" ind1=" " ind2=" ">
    <subfield code="a">Geneva</subfield>
    <subfield code="b">CERN</subfield>
    <subfield code="c">1992</subfield>
  </datafield>
  <datafield tag="269" ind1=" " ind2=" ">
    <subfield code="9">review Mar2021</subfield>
    <subfield code="c">1992-07</subfield>
  </datafield>
  <datafield tag="300" ind1=" " ind2=" ">
    <subfield code="2">CERN-VIDEO-C-129-A</subfield>
    <subfield code="8">A</subfield>
    <subfield code="d">720x576 4/3, 25</subfield>
  </datafield>
  <datafield tag="300" ind1=" " ind2=" ">
    <subfield code="2">CERN-VIDEO-C-129-B</subfield>
    <subfield code="8">B</subfield>
    <subfield code="d">720x576 4/3, 25</subfield>
  </datafield>
  <datafield tag="300" ind1=" " ind2=" ">
    <subfield code="2">CERN-VIDEO-C-129-C</subfield>
    <subfield code="8">C</subfield>
    <subfield code="d">720x576 4/3, 25</subfield>
  </datafield>
  <datafield tag="300" ind1=" " ind2=" ">
    <subfield code="2">CERN-VIDEO-C-129-P</subfield>
    <subfield code="8">P</subfield>
    <subfield code="d">720x576 4/3, 25</subfield>
  </datafield>
  <datafield tag="300" ind1=" " ind2=" ">
    <subfield code="2">CERN-VIDEO-C-129-D</subfield>
    <subfield code="8">D</subfield>
    <subfield code="d">720x576 4/3, 25</subfield>
  </datafield>
  <datafield tag="300" ind1=" " ind2=" ">
    <subfield code="2">CERN-VIDEO-C-129-E</subfield>
    <subfield code="8">E</subfield>
    <subfield code="d">720x576 4/3, 25</subfield>
  </datafield>
  <datafield tag="300" ind1=" " ind2=" ">
    <subfield code="2">CERN-VIDEO-C-129-F</subfield>
    <subfield code="8">F</subfield>
    <subfield code="d">720x576 4/3, 25</subfield>
  </datafield>
  <datafield tag="300" ind1=" " ind2=" ">
    <subfield code="2">CERN-VIDEO-C-129-G</subfield>
    <subfield code="8">G</subfield>
    <subfield code="d">720x576 4/3, 25</subfield>
  </datafield>
  <datafield tag="300" ind1=" " ind2=" ">
    <subfield code="2">CERN-VIDEO-C-129-H</subfield>
    <subfield code="8">H</subfield>
    <subfield code="d">720x576 4/3, 25</subfield>
  </datafield>
  <datafield tag="300" ind1=" " ind2=" ">
    <subfield code="2">CERN-VIDEO-C-129-I</subfield>
    <subfield code="8">I</subfield>
    <subfield code="d">720x576 4/3, 25</subfield>
  </datafield>
  <datafield tag="300" ind1=" " ind2=" ">
    <subfield code="2">CERN-VIDEO-C-129-J</subfield>
    <subfield code="8">J</subfield>
    <subfield code="d">720x576 4/3, 25</subfield>
  </datafield>
  <datafield tag="300" ind1=" " ind2=" ">
    <subfield code="2">CERN-VIDEO-C-129-K</subfield>
    <subfield code="8">K</subfield>
    <subfield code="d">720x576 4/3, 25</subfield>
  </datafield>
  <datafield tag="300" ind1=" " ind2=" ">
    <subfield code="2">CERN-VIDEO-C-129-L</subfield>
    <subfield code="8">L</subfield>
    <subfield code="d">720x576 4/3, 25</subfield>
  </datafield>
  <datafield tag="300" ind1=" " ind2=" ">
    <subfield code="2">CERN-VIDEO-C-129-M</subfield>
    <subfield code="8">M</subfield>
    <subfield code="d">720x576 4/3, 25</subfield>
  </datafield>
  <datafield tag="300" ind1=" " ind2=" ">
    <subfield code="2">CERN-VIDEO-C-129-N</subfield>
    <subfield code="8">N</subfield>
    <subfield code="d">720x576 4/3, 25</subfield>
  </datafield>
  <datafield tag="300" ind1=" " ind2=" ">
    <subfield code="2">CERN-VIDEO-C-129-O</subfield>
    <subfield code="8">O</subfield>
    <subfield code="d">720x576 4/3, 25</subfield>
  </datafield>
  <datafield tag="337" ind1=" " ind2=" ">
    <subfield code="a">Video</subfield>
  </datafield>
  <datafield tag="340" ind1=" " ind2=" ">
    <subfield code="8">A</subfield>
    <subfield code="9">DG STAFF-1</subfield>
    <subfield code="a">U-matic</subfield>
    <subfield code="j">Master</subfield>
    <subfield code="k">19920727</subfield>
  </datafield>
  <datafield tag="340" ind1=" " ind2=" ">
    <subfield code="8">B</subfield>
    <subfield code="9">ELLIS-1</subfield>
    <subfield code="a">U-matic</subfield>
    <subfield code="j">Master</subfield>
    <subfield code="k">19920727</subfield>
  </datafield>
  <datafield tag="340" ind1=" " ind2=" ">
    <subfield code="8">C</subfield>
    <subfield code="9">KHRENOV-1</subfield>
    <subfield code="a">U-matic</subfield>
    <subfield code="j">Master</subfield>
    <subfield code="k">19920727</subfield>
  </datafield>
  <datafield tag="340" ind1=" " ind2=" ">
    <subfield code="8">D</subfield>
    <subfield code="9">WOLFENDALE-1</subfield>
    <subfield code="a">U-matic</subfield>
    <subfield code="j">Master</subfield>
    <subfield code="k">19920727</subfield>
  </datafield>
  <datafield tag="340" ind1=" " ind2=" ">
    <subfield code="8">E</subfield>
    <subfield code="9">SCHLEIN-1</subfield>
    <subfield code="a">U-matic</subfield>
    <subfield code="j">Master</subfield>
    <subfield code="k">19920727</subfield>
  </datafield>
  <datafield tag="340" ind1=" " ind2=" ">
    <subfield code="8">F</subfield>
    <subfield code="9">WDOWCZYK-1</subfield>
    <subfield code="a">U-matic</subfield>
    <subfield code="j">Master</subfield>
    <subfield code="k">19920727</subfield>
  </datafield>
  <datafield tag="340" ind1=" " ind2=" ">
    <subfield code="8">G</subfield>
    <subfield code="9">GIACOMELLI-1</subfield>
    <subfield code="a">U-matic</subfield>
    <subfield code="j">Master</subfield>
    <subfield code="k">19920727</subfield>
  </datafield>
  <datafield tag="340" ind1=" " ind2=" ">
    <subfield code="8">H</subfield>
    <subfield code="9">LEARNED-1</subfield>
    <subfield code="a">U-matic</subfield>
    <subfield code="j">Master</subfield>
    <subfield code="k">19920727</subfield>
  </datafield>
  <datafield tag="340" ind1=" " ind2=" ">
    <subfield code="8">I</subfield>
    <subfield code="9">LORENZ-1</subfield>
    <subfield code="a">U-matic</subfield>
    <subfield code="j">Master</subfield>
    <subfield code="k">19920727</subfield>
  </datafield>
  <datafield tag="340" ind1=" " ind2=" ">
    <subfield code="8">J</subfield>
    <subfield code="9">SCHONFELDER-1</subfield>
    <subfield code="a">U-matic</subfield>
    <subfield code="j">Master</subfield>
    <subfield code="k">19920727</subfield>
  </datafield>
  <datafield tag="340" ind1=" " ind2=" ">
    <subfield code="8">K</subfield>
    <subfield code="9">TRUMPER-1</subfield>
    <subfield code="a">U-matic</subfield>
    <subfield code="j">Master</subfield>
    <subfield code="k">19920727</subfield>
  </datafield>
  <datafield tag="340" ind1=" " ind2=" ">
    <subfield code="8">L</subfield>
    <subfield code="9">ZATSEPIN-1</subfield>
    <subfield code="a">U-matic</subfield>
    <subfield code="j">Master</subfield>
    <subfield code="k">19920727</subfield>
  </datafield>
  <datafield tag="340" ind1=" " ind2=" ">
    <subfield code="8">M</subfield>
    <subfield code="9">DG STAFF-2</subfield>
    <subfield code="a">U-matic</subfield>
    <subfield code="j">Master</subfield>
    <subfield code="k">19920727</subfield>
  </datafield>
  <datafield tag="340" ind1=" " ind2=" ">
    <subfield code="8">N</subfield>
    <subfield code="9">MANDZHAVIDZE-1</subfield>
    <subfield code="a">U-matic</subfield>
    <subfield code="j">Master</subfield>
    <subfield code="k">19920727</subfield>
  </datafield>
  <datafield tag="340" ind1=" " ind2=" ">
    <subfield code="8">O</subfield>
    <subfield code="9">MORAAL-1</subfield>
    <subfield code="a">U-matic</subfield>
    <subfield code="j">Master</subfield>
    <subfield code="k">19920727</subfield>
  </datafield>
  <datafield tag="340" ind1=" " ind2=" ">
    <subfield code="8">P</subfield>
    <subfield code="9">DG STAFF</subfield>
    <subfield code="a">U-matic</subfield>
    <subfield code="j">Master</subfield>
    <subfield code="k">19920727</subfield>
  </datafield>
  <datafield tag="490" ind1=" " ind2=" ">
    <subfield code="a">Symposium</subfield>
  </datafield>
  <datafield tag="500" ind1=" " ind2=" ">
    <subfield code="a">VHS not held by the CERN library</subfield>
  </datafield>
  <datafield tag="500" ind1=" " ind2=" ">
    <subfield code="a">The video was digitized from its original recording as part of the CERN Digital Memory project</subfield>
  </datafield>
  <datafield tag="500" ind1=" " ind2=" ">
    <subfield code="a">During the curation of digitized tapes and films in 2020, this record was identified with duplicated original medias.</subfield>
  </datafield>
  <datafield tag="514" ind1=" " ind2=" ">
    <subfield code="8">c</subfield>
    <subfield code="a">Noisy / Saturated audio -</subfield>
  </datafield>
  <datafield tag="514" ind1=" " ind2=" ">
    <subfield code="8">d</subfield>
    <subfield code="a">Noisy / Saturated audio -</subfield>
  </datafield>
  <datafield tag="514" ind1=" " ind2=" ">
    <subfield code="8">b</subfield>
    <subfield code="a">Noisy / Saturated audio -</subfield>
  </datafield>
  <datafield tag="514" ind1=" " ind2=" ">
    <subfield code="8">a</subfield>
    <subfield code="a">Low audio level - poor quality - out of phase -  Low RF, noisy picture -  Noisy / Saturated audio -</subfield>
  </datafield>
  <datafield tag="514" ind1=" " ind2=" ">
    <subfield code="8">h</subfield>
    <subfield code="a">Low RF, noisy picture -  Noisy / Saturated audio -</subfield>
  </datafield>
  <datafield tag="514" ind1=" " ind2=" ">
    <subfield code="8">o</subfield>
    <subfield code="a">Low RF, noisy picture -  Noisy / Saturated audio -</subfield>
  </datafield>
  <datafield tag="514" ind1=" " ind2=" ">
    <subfield code="8">p</subfield>
    <subfield code="a">Low RF, noisy picture -  Noisy / Saturated audio -</subfield>
  </datafield>
  <datafield tag="518" ind1=" " ind2=" ">
    <subfield code="a">CERN Auditorium, 27-31 Jul 1992</subfield>
  </datafield>
  <datafield tag="520" ind1=" " ind2=" ">
    <subfield code="a">Opening ceremony</subfield>
  </datafield>
  <datafield tag="520" ind1=" " ind2=" ">
    <subfield code="8">c</subfield>
    <subfield code="9">review</subfield>
    <subfield code="a">Conference on cosmic rays and high energy</subfield>
  </datafield>
  <datafield tag="542" ind1=" " ind2=" ">
    <subfield code="d">CERN</subfield>
    <subfield code="g">1992</subfield>
  </datafield>
  <datafield tag="542" ind1="1" ind2=" ">
    <subfield code="9">review</subfield>
    <subfield code="d">CERN</subfield>
    <subfield code="g">1992 07 27</subfield>
  </datafield>
  <datafield tag="542" ind1="1" ind2=" ">
    <subfield code="9">review Mar2021</subfield>
    <subfield code="d">CERN</subfield>
  </datafield>
  <datafield tag="583" ind1="1" ind2=" ">
    <subfield code="2">pda</subfield>
    <subfield code="3">U-Matic</subfield>
    <subfield code="5">SzGeCERN</subfield>
    <subfield code="6">WEEK15-public</subfield>
    <subfield code="8">c</subfield>
    <subfield code="a">digitized</subfield>
    <subfield code="b">C1V1: Composite\tSignal - U-Matic,\xc2\xa0U-Matic SP,\xc2\xa0VHS, 1 inch C, 1 inch B, Video , Betamax</subfield>
    <subfield code="c">20180120</subfield>
    <subfield code="f">CERN Digital Memory Project</subfield>
    <subfield code="f">public</subfield>
    <subfield code="i">CREATE-MARC-run20180622_170835</subfield>
    <subfield code="k">PICTURAE</subfield>
    <subfield code="u">https://cds.cern.ch/record/2257246</subfield>
    <subfield code="x">- VISUAL INSPECTION TABLE timing: from 18/01/2018 14:04 to 18/01/2018 14:04 -
 - RTI VT 3100 timing: from 18/01/2018 14:05 to 18/01/2018 14:16 -
 - MAC-V025 timing: from 18/01/2018 14:38 to 18/01/2018 16:11 -
 - MANUAL QC GEN timing: from 18/01/2018 16:11 to 18/01/2018 16:11 -
 - MANUAL QC GEN timing: from 20/01/2018 01:58 to 20/01/2018 01:58 -
 - FILE_PRESENCE timing: from 20/01/2018 01:58 to 20/01/2018 01:58 -</subfield>
    <subfield code="z">- VISUAL INSPECTION TABLE of U-Matic () true  - 
 - RTI VT 3100 of U-Matic () true  - 
 - MAC-V025 of U-Matic () true Noisy / Saturated audio - 
 - MANUAL QC GEN of U-Matic () true  - 
 - MANUAL QC GEN of U-Matic () true  - 
 - FILE_PRESENCE of U-Matic () true  -</subfield>
  </datafield>
  <datafield tag="583" ind1="1" ind2=" ">
    <subfield code="2">pda</subfield>
    <subfield code="3">U-Matic</subfield>
    <subfield code="5">SzGeCERN</subfield>
    <subfield code="6">WEEK15-public</subfield>
    <subfield code="8">d</subfield>
    <subfield code="a">digitized</subfield>
    <subfield code="b">C1V1: Composite\tSignal - U-Matic,\xc2\xa0U-Matic SP,\xc2\xa0VHS, 1 inch C, 1 inch B, Video , Betamax</subfield>
    <subfield code="c">20180119</subfield>
    <subfield code="f">CERN Digital Memory Project</subfield>
    <subfield code="f">public</subfield>
    <subfield code="i">CREATE-MARC-run20180622_170835</subfield>
    <subfield code="k">PICTURAE</subfield>
    <subfield code="u">https://cds.cern.ch/record/2257246</subfield>
    <subfield code="x">- VISUAL INSPECTION TABLE timing: from 18/01/2018 13:30 to 18/01/2018 13:30 -
 - RTI VT 3100 timing: from 18/01/2018 13:30 to 18/01/2018 14:04 -
 - MAC-V024 timing: from 18/01/2018 14:06 to 18/01/2018 16:25 -
 - MANUAL QC GEN timing: from 18/01/2018 16:25 to 18/01/2018 16:25 -
 - MANUAL QC GEN timing: from 19/01/2018 21:57 to 19/01/2018 21:57 -
 - FILE_PRESENCE timing: from 19/01/2018 21:57 to 19/01/2018 21:57 -</subfield>
    <subfield code="z">- VISUAL INSPECTION TABLE of U-Matic () true  - 
 - RTI VT 3100 of U-Matic () true  - 
 - MAC-V024 of U-Matic () true Noisy / Saturated audio - 
 - MANUAL QC GEN of U-Matic () true  - 
 - MANUAL QC GEN of U-Matic () true  - 
 - FILE_PRESENCE of U-Matic () true  -</subfield>
  </datafield>
  <datafield tag="583" ind1="1" ind2=" ">
    <subfield code="2">pda</subfield>
    <subfield code="3">U-Matic</subfield>
    <subfield code="5">SzGeCERN</subfield>
    <subfield code="6">WEEK15-public</subfield>
    <subfield code="8">j</subfield>
    <subfield code="a">digitized</subfield>
    <subfield code="b">C1V1: Composite\tSignal - U-Matic,\xc2\xa0U-Matic SP,\xc2\xa0VHS, 1 inch C, 1 inch B, Video , Betamax</subfield>
    <subfield code="c">20180120</subfield>
    <subfield code="f">CERN Digital Memory Project</subfield>
    <subfield code="f">public</subfield>
    <subfield code="i">CREATE-MARC-run20180622_170835</subfield>
    <subfield code="k">PICTURAE</subfield>
    <subfield code="u">https://cds.cern.ch/record/2257246</subfield>
    <subfield code="x">- VISUAL INSPECTION TABLE timing: from 18/01/2018 11:28 to 18/01/2018 11:28 -
 - RTI VT 3100 timing: from 18/01/2018 11:28 to 18/01/2018 11:52 -
 - MAC-V025 timing: from 18/01/2018 12:06 to 18/01/2018 13:15 -
 - MANUAL QC GEN timing: from 20/01/2018 02:20 to 20/01/2018 02:20 -
 - FILE_PRESENCE timing: from 20/01/2018 02:20 to 20/01/2018 02:20 -</subfield>
    <subfield code="z">- VISUAL INSPECTION TABLE of U-Matic () true  - 
 - RTI VT 3100 of U-Matic () true  - 
 - MAC-V025 of U-Matic () true  - 
 - MANUAL QC GEN of U-Matic () true  - 
 - FILE_PRESENCE of U-Matic () true  -</subfield>
  </datafield>
  <datafield tag="583" ind1="1" ind2=" ">
    <subfield code="2">pda</subfield>
    <subfield code="3">U-Matic</subfield>
    <subfield code="5">SzGeCERN</subfield>
    <subfield code="6">WEEK15-public</subfield>
    <subfield code="8">m</subfield>
    <subfield code="a">digitized</subfield>
    <subfield code="b">C1V1: Composite\tSignal - U-Matic,\xc2\xa0U-Matic SP,\xc2\xa0VHS, 1 inch C, 1 inch B, Video , Betamax</subfield>
    <subfield code="c">20180119</subfield>
    <subfield code="f">CERN Digital Memory Project</subfield>
    <subfield code="f">public</subfield>
    <subfield code="i">CREATE-MARC-run20180622_170835</subfield>
    <subfield code="k">PICTURAE</subfield>
    <subfield code="u">https://cds.cern.ch/record/2257246</subfield>
    <subfield code="x">- VISUAL INSPECTION TABLE timing: from 18/01/2018 12:04 to 18/01/2018 12:04 -
 - RTI VT 3100 timing: from 18/01/2018 12:04 to 18/01/2018 12:10 -
 - MAC-V022 timing: from 18/01/2018 12:43 to 18/01/2018 13:58 -
 - MANUAL QC GEN timing: from 19/01/2018 00:16 to 19/01/2018 00:16 -
 - FILE_PRESENCE timing: from 19/01/2018 00:16 to 19/01/2018 00:16 -</subfield>
    <subfield code="z">- VISUAL INSPECTION TABLE of U-Matic () true  - 
 - RTI VT 3100 of U-Matic () true  - 
 - MAC-V022 of U-Matic () true  - 
 - MANUAL QC GEN of U-Matic () true  - 
 - FILE_PRESENCE of U-Matic () true  -</subfield>
  </datafield>
  <datafield tag="583" ind1="1" ind2=" ">
    <subfield code="2">pda</subfield>
    <subfield code="3">U-Matic</subfield>
    <subfield code="5">SzGeCERN</subfield>
    <subfield code="6">WEEK16-public</subfield>
    <subfield code="8">b</subfield>
    <subfield code="a">digitized</subfield>
    <subfield code="b">C1V1: Composite\tSignal - U-Matic,\xc2\xa0U-Matic SP,\xc2\xa0VHS, 1 inch C, 1 inch B, Video , Betamax</subfield>
    <subfield code="c">20180122</subfield>
    <subfield code="f">CERN Digital Memory Project</subfield>
    <subfield code="f">public</subfield>
    <subfield code="i">CREATE-MARC-run20180622_170916</subfield>
    <subfield code="k">PICTURAE</subfield>
    <subfield code="u">https://cds.cern.ch/record/2257246</subfield>
    <subfield code="x">- VISUAL INSPECTION TABLE timing: from 18/01/2018 14:05 to 18/01/2018 14:05 -
 - RTI VT 3100 timing: from 18/01/2018 14:05 to 18/01/2018 14:16 -
 - MAC-V026 timing: from 18/01/2018 14:39 to 18/01/2018 16:28 -
 - MANUAL QC GEN timing: from 18/01/2018 16:29 to 18/01/2018 16:29 -
 - MANUAL QC GEN timing: from 22/01/2018 12:55 to 22/01/2018 12:55 -
 - FILE_PRESENCE timing: from 22/01/2018 12:55 to 22/01/2018 12:55 -</subfield>
    <subfield code="z">- VISUAL INSPECTION TABLE of U-Matic () true  - 
 - RTI VT 3100 of U-Matic () true  - 
 - MAC-V026 of U-Matic () true Noisy / Saturated audio - 
 - MANUAL QC GEN of U-Matic () true  - 
 - MANUAL QC GEN of U-Matic () true  - 
 - FILE_PRESENCE of U-Matic () true  -</subfield>
  </datafield>
  <datafield tag="583" ind1="1" ind2=" ">
    <subfield code="2">pda</subfield>
    <subfield code="3">U-Matic</subfield>
    <subfield code="5">SzGeCERN</subfield>
    <subfield code="6">WEEK16-public</subfield>
    <subfield code="8">e</subfield>
    <subfield code="a">digitized</subfield>
    <subfield code="b">C1V1: Composite\tSignal - U-Matic,\xc2\xa0U-Matic SP,\xc2\xa0VHS, 1 inch C, 1 inch B, Video , Betamax</subfield>
    <subfield code="c">20180119</subfield>
    <subfield code="f">CERN Digital Memory Project</subfield>
    <subfield code="f">public</subfield>
    <subfield code="i">CREATE-MARC-run20180622_170916</subfield>
    <subfield code="k">PICTURAE</subfield>
    <subfield code="u">https://cds.cern.ch/record/2257246</subfield>
    <subfield code="x">- VISUAL INSPECTION TABLE timing: from 18/01/2018 13:30 to 18/01/2018 13:30 -
 - RTI VT 3100 timing: from 18/01/2018 13:30 to 18/01/2018 14:04 -
 - MAC-V021 timing: from 18/01/2018 14:45 to 18/01/2018 16:20 -
 - MANUAL QC GEN timing: from 18/01/2018 16:20 to 18/01/2018 16:20 -
 - MANUAL QC GEN timing: from 19/01/2018 09:59 to 19/01/2018 09:59 -
 - FILE_PRESENCE timing: from 19/01/2018 09:59 to 19/01/2018 09:59 -</subfield>
    <subfield code="z">- VISUAL INSPECTION TABLE of U-Matic () true  - 
 - RTI VT 3100 of U-Matic () true  - 
 - MAC-V021 of U-Matic () true  - 
 - MANUAL QC GEN of U-Matic () true  - 
 - MANUAL QC GEN of U-Matic () true  - 
 - FILE_PRESENCE of U-Matic () true  -</subfield>
  </datafield>
  <datafield tag="583" ind1="1" ind2=" ">
    <subfield code="2">pda</subfield>
    <subfield code="3">U-Matic</subfield>
    <subfield code="5">SzGeCERN</subfield>
    <subfield code="6">WEEK16-public</subfield>
    <subfield code="8">k</subfield>
    <subfield code="a">digitized</subfield>
    <subfield code="b">C1V1: Composite\tSignal - U-Matic,\xc2\xa0U-Matic SP,\xc2\xa0VHS, 1 inch C, 1 inch B, Video , Betamax</subfield>
    <subfield code="c">20180118</subfield>
    <subfield code="f">CERN Digital Memory Project</subfield>
    <subfield code="f">public</subfield>
    <subfield code="i">CREATE-MARC-run20180622_170916</subfield>
    <subfield code="k">PICTURAE</subfield>
    <subfield code="u">https://cds.cern.ch/record/2257246</subfield>
    <subfield code="x">- VISUAL INSPECTION TABLE timing: from 18/01/2018 11:52 to 18/01/2018 11:52 -
 - RTI VT 3100 timing: from 18/01/2018 11:52 to 18/01/2018 11:58 -
 - MAC-V021 timing: from 18/01/2018 13:57 to 18/01/2018 13:57 -
 - MANUAL QC GEN timing: from 18/01/2018 21:55 to 18/01/2018 21:55 -
 - FILE_PRESENCE timing: from 18/01/2018 21:55 to 18/01/2018 21:55 -</subfield>
    <subfield code="z">- VISUAL INSPECTION TABLE of U-Matic () true  - 
 - RTI VT 3100 of U-Matic () true  - 
 - MAC-V021 of U-Matic () true  - 
 - MANUAL QC GEN of U-Matic () true  - 
 - FILE_PRESENCE of U-Matic () true  -</subfield>
  </datafield>
  <datafield tag="583" ind1="1" ind2=" ">
    <subfield code="2">pda</subfield>
    <subfield code="3">U-Matic</subfield>
    <subfield code="5">SzGeCERN</subfield>
    <subfield code="6">WEEK16-public</subfield>
    <subfield code="8">l</subfield>
    <subfield code="a">digitized</subfield>
    <subfield code="b">C1V1: Composite\tSignal - U-Matic,\xc2\xa0U-Matic SP,\xc2\xa0VHS, 1 inch C, 1 inch B, Video , Betamax</subfield>
    <subfield code="c">20180118</subfield>
    <subfield code="f">CERN Digital Memory Project</subfield>
    <subfield code="f">public</subfield>
    <subfield code="i">CREATE-MARC-run20180622_170916</subfield>
    <subfield code="k">PICTURAE</subfield>
    <subfield code="u">https://cds.cern.ch/record/2257246</subfield>
    <subfield code="x">- VISUAL INSPECTION TABLE timing: from 18/01/2018 11:52 to 18/01/2018 11:52 -
 - RTI VT 3100 timing: from 18/01/2018 11:52 to 18/01/2018 11:58 -
 - MAC-V024 timing: from 18/01/2018 12:26 to 18/01/2018 13:25 -
 - MANUAL QC GEN timing: from 18/01/2018 21:36 to 18/01/2018 21:36 -
 - FILE_PRESENCE timing: from 18/01/2018 21:36 to 18/01/2018 21:36 -</subfield>
    <subfield code="z">- VISUAL INSPECTION TABLE of U-Matic () true  - 
 - RTI VT 3100 of U-Matic () true  - 
 - MAC-V024 of U-Matic () true  - 
 - MANUAL QC GEN of U-Matic () true  - 
 - FILE_PRESENCE of U-Matic () true  -</subfield>
  </datafield>
  <datafield tag="583" ind1="1" ind2=" ">
    <subfield code="2">pda</subfield>
    <subfield code="3">U-Matic</subfield>
    <subfield code="5">SzGeCERN</subfield>
    <subfield code="6">WEEK18-public</subfield>
    <subfield code="8">a</subfield>
    <subfield code="a">digitized</subfield>
    <subfield code="b">C1V1: Composite\tSignal - U-Matic,\xc2\xa0U-Matic SP,\xc2\xa0VHS, 1 inch C, 1 inch B, Video , Betamax</subfield>
    <subfield code="c">20180119</subfield>
    <subfield code="f">CERN Digital Memory Project</subfield>
    <subfield code="f">public</subfield>
    <subfield code="i">CREATE-MARC-run20180626_101246</subfield>
    <subfield code="k">PICTURAE</subfield>
    <subfield code="u">https://cds.cern.ch/record/2257246</subfield>
    <subfield code="x">- VISUAL INSPECTION TABLE timing: from 18/01/2018 14:45 to 18/01/2018 14:45 -
 - RTI VT 3100 timing: from 18/01/2018 14:45 to 18/01/2018 14:57 -
 - MAC-V025 timing: from 18/01/2018 17:10 to 18/01/2018 17:58 -
 - MANUAL QC GEN timing: from 18/01/2018 17:58 to 18/01/2018 17:58 -
 - MANUAL QC GEN timing: from 19/01/2018 21:26 to 19/01/2018 21:26 -
 - FILE_PRESENCE timing: from 19/01/2018 21:26 to 19/01/2018 21:26 -</subfield>
    <subfield code="z">- VISUAL INSPECTION TABLE of U-Matic () true  - 
 - RTI VT 3100 of U-Matic () true  - 
 - MAC-V025 of U-Matic () true Low RF, noisy picture | Noisy / Saturated audio | Low audio level - poor quality - out of phase - 
 - MANUAL QC GEN of U-Matic () true  - 
 - MANUAL QC GEN of U-Matic () true  - 
 - FILE_PRESENCE of U-Matic () true  -</subfield>
  </datafield>
  <datafield tag="583" ind1="1" ind2=" ">
    <subfield code="2">pda</subfield>
    <subfield code="3">U-Matic</subfield>
    <subfield code="5">SzGeCERN</subfield>
    <subfield code="6">WEEK18-public</subfield>
    <subfield code="8">f</subfield>
    <subfield code="a">digitized</subfield>
    <subfield code="b">C1V1: Composite\tSignal - U-Matic,\xc2\xa0U-Matic SP,\xc2\xa0VHS, 1 inch C, 1 inch B, Video , Betamax</subfield>
    <subfield code="c">20180120</subfield>
    <subfield code="f">CERN Digital Memory Project</subfield>
    <subfield code="f">public</subfield>
    <subfield code="i">CREATE-MARC-run20180626_101246</subfield>
    <subfield code="k">PICTURAE</subfield>
    <subfield code="u">https://cds.cern.ch/record/2257246</subfield>
    <subfield code="x">- VISUAL INSPECTION TABLE timing: from 18/01/2018 13:05 to 18/01/2018 13:05 -
 - RTI VT 3100 timing: from 18/01/2018 13:05 to 18/01/2018 13:14 -
 - MAC-V025 timing: from 18/01/2018 13:18 to 18/01/2018 14:37 -
 - MANUAL QC GEN timing: from 20/01/2018 02:10 to 20/01/2018 02:10 -
 - FILE_PRESENCE timing: from 20/01/2018 02:10 to 20/01/2018 02:10 -</subfield>
    <subfield code="z">- VISUAL INSPECTION TABLE of U-Matic () true  - 
 - RTI VT 3100 of U-Matic () true  - 
 - MAC-V025 of U-Matic () true  - 
 - MANUAL QC GEN of U-Matic () true  - 
 - FILE_PRESENCE of U-Matic () true  -</subfield>
  </datafield>
  <datafield tag="583" ind1="1" ind2=" ">
    <subfield code="2">pda</subfield>
    <subfield code="3">U-Matic</subfield>
    <subfield code="5">SzGeCERN</subfield>
    <subfield code="6">WEEK18-public</subfield>
    <subfield code="8">h</subfield>
    <subfield code="a">digitized</subfield>
    <subfield code="b">C1V1: Composite\tSignal - U-Matic,\xc2\xa0U-Matic SP,\xc2\xa0VHS, 1 inch C, 1 inch B, Video , Betamax</subfield>
    <subfield code="c">20180119</subfield>
    <subfield code="f">CERN Digital Memory Project</subfield>
    <subfield code="f">public</subfield>
    <subfield code="i">CREATE-MARC-run20180626_101246</subfield>
    <subfield code="k">PICTURAE</subfield>
    <subfield code="u">https://cds.cern.ch/record/2257246</subfield>
    <subfield code="x">- VISUAL INSPECTION TABLE timing: from 18/01/2018 18:16 to 18/01/2018 18:16 -
 - RTI VT 3100 timing: from 18/01/2018 18:16 to 18/01/2018 18:38 -
 - MAC-V022 timing: from 18/01/2018 18:49 to 18/01/2018 20:04 -
 - MANUAL QC GEN timing: from 18/01/2018 20:04 to 18/01/2018 20:04 -
 - MANUAL QC GEN timing: from 19/01/2018 23:38 to 19/01/2018 23:38 -
 - FILE_PRESENCE timing: from 19/01/2018 23:38 to 19/01/2018 23:38 -</subfield>
    <subfield code="z">- VISUAL INSPECTION TABLE of U-Matic () true  - 
 - RTI VT 3100 of U-Matic () true  - 
 - MAC-V022 of U-Matic () true Low RF, noisy picture | Noisy / Saturated audio - 
 - MANUAL QC GEN of U-Matic () true  - 
 - MANUAL QC GEN of U-Matic () true  - 
 - FILE_PRESENCE of U-Matic () true  -</subfield>
  </datafield>
  <datafield tag="583" ind1="1" ind2=" ">
    <subfield code="2">pda</subfield>
    <subfield code="3">U-Matic</subfield>
    <subfield code="5">SzGeCERN</subfield>
    <subfield code="6">WEEK18-public</subfield>
    <subfield code="8">o</subfield>
    <subfield code="a">digitized</subfield>
    <subfield code="b">C1V1: Composite\tSignal - U-Matic,\xc2\xa0U-Matic SP,\xc2\xa0VHS, 1 inch C, 1 inch B, Video , Betamax</subfield>
    <subfield code="c">20180119</subfield>
    <subfield code="f">CERN Digital Memory Project</subfield>
    <subfield code="f">public</subfield>
    <subfield code="i">CREATE-MARC-run20180626_101246</subfield>
    <subfield code="k">PICTURAE</subfield>
    <subfield code="u">https://cds.cern.ch/record/2257246</subfield>
    <subfield code="x">- VISUAL INSPECTION TABLE timing: from 18/01/2018 11:07 to 18/01/2018 11:07 -
 - RTI VT 3100 timing: from 18/01/2018 11:07 to 18/01/2018 11:22 -
 - MAC-V024 timing: from 18/01/2018 17:10 to 18/01/2018 18:19 -
 - MANUAL QC GEN timing: from 18/01/2018 18:19 to 18/01/2018 18:19 -
 - MANUAL QC GEN timing: from 19/01/2018 23:57 to 19/01/2018 23:57 -
 - FILE_PRESENCE timing: from 19/01/2018 23:57 to 19/01/2018 23:57 -</subfield>
    <subfield code="z">- VISUAL INSPECTION TABLE of U-Matic () true  - 
 - RTI VT 3100 of U-Matic () true  - 
 - MAC-V024 of U-Matic () true Low RF, noisy picture | Noisy / Saturated audio - 
 - MANUAL QC GEN of U-Matic () true  - 
 - MANUAL QC GEN of U-Matic () true  - 
 - FILE_PRESENCE of U-Matic () true  -</subfield>
  </datafield>
  <datafield tag="583" ind1="1" ind2=" ">
    <subfield code="2">pda</subfield>
    <subfield code="3">U-Matic</subfield>
    <subfield code="5">SzGeCERN</subfield>
    <subfield code="6">WEEK18-public</subfield>
    <subfield code="8">p</subfield>
    <subfield code="a">digitized</subfield>
    <subfield code="b">C1V1: Composite\tSignal - U-Matic,\xc2\xa0U-Matic SP,\xc2\xa0VHS, 1 inch C, 1 inch B, Video , Betamax</subfield>
    <subfield code="c">20180122</subfield>
    <subfield code="f">CERN Digital Memory Project</subfield>
    <subfield code="f">public</subfield>
    <subfield code="i">CREATE-MARC-run20180626_101246</subfield>
    <subfield code="k">PICTURAE</subfield>
    <subfield code="u">https://cds.cern.ch/record/2257246</subfield>
    <subfield code="x">- VISUAL INSPECTION TABLE timing: from 18/01/2018 10:53 to 18/01/2018 10:53 -
 - RTI VT 3100 timing: from 18/01/2018 10:53 to 18/01/2018 11:06 -
 - MAC-V026 timing: from 18/01/2018 19:33 to 18/01/2018 20:01 -
 - MANUAL QC GEN timing: from 18/01/2018 20:01 to 18/01/2018 20:01 -
 - MANUAL QC GEN timing: from 22/01/2018 12:23 to 22/01/2018 12:23 -
 - FILE_PRESENCE timing: from 22/01/2018 12:23 to 22/01/2018 12:23 -</subfield>
    <subfield code="z">- VISUAL INSPECTION TABLE of U-Matic () true  - 
 - RTI VT 3100 of U-Matic () true  - 
 - MAC-V026 of U-Matic () true Low RF, noisy picture | Noisy / Saturated audio - 
 - MANUAL QC GEN of U-Matic () true  - 
 - MANUAL QC GEN of U-Matic () true  - 
 - FILE_PRESENCE of U-Matic () true  -</subfield>
  </datafield>
  <datafield tag="583" ind1=" " ind2=" ">
    <subfield code="a">curation</subfield>
    <subfield code="c">Decembre 2020</subfield>
    <subfield code="8">b</subfield>
    <subfield code="z"> -Audio: TRUE -Video Signal: TRUE -Multiple: FALSE -Relevant to CERN: TRUE -Action required: To be removed -Duplicate: TRUE</subfield>
  </datafield>
  <datafield tag="583" ind1=" " ind2=" ">
    <subfield code="a">curation</subfield>
    <subfield code="c">Decembre 2020</subfield>
    <subfield code="8">e</subfield>
    <subfield code="z"> -Audio: TRUE -Video Signal: TRUE -Multiple: FALSE -Relevant to CERN: TRUE -Action required: To be removed -Duplicate: TRUE</subfield>
  </datafield>
  <datafield tag="583" ind1=" " ind2=" ">
    <subfield code="a">curation</subfield>
    <subfield code="c">Decembre 2020</subfield>
    <subfield code="8">l</subfield>
    <subfield code="z"> -Audio: TRUE -Video Signal: TRUE -Multiple: FALSE -Relevant to CERN: TRUE -Action required: To be removed -Duplicate: TRUE</subfield>
  </datafield>
  <datafield tag="583" ind1="1" ind2=" ">
    <subfield code="3">U-Matic</subfield>
    <subfield code="6">disks/DELIVERY65</subfield>
    <subfield code="b"> C1V1 </subfield>
    <subfield code="n">62,3233333333333</subfield>
    <subfield code="o">minutes</subfield>
    <subfield code="8">b</subfield>
  </datafield>
  <datafield tag="583" ind1="1" ind2=" ">
    <subfield code="3">U-Matic</subfield>
    <subfield code="6">disks/DELIVERY65</subfield>
    <subfield code="b"> C1V1 </subfield>
    <subfield code="n">59,6266666666667</subfield>
    <subfield code="o">minutes</subfield>
    <subfield code="8">e</subfield>
  </datafield>
  <datafield tag="583" ind1="1" ind2=" ">
    <subfield code="3">U-Matic</subfield>
    <subfield code="6">disks/DELIVERY65</subfield>
    <subfield code="b"> C1V1 </subfield>
    <subfield code="n">55,94</subfield>
    <subfield code="o">minutes</subfield>
    <subfield code="8">l</subfield>
  </datafield>
  <datafield tag="583" ind1="1" ind2=" ">
    <subfield code="2">pda</subfield>
    <subfield code="5">SzGeCERN</subfield>
    <subfield code="a">digitized</subfield>
    <subfield code="c">202103</subfield>
    <subfield code="f">CERN Digital Memory Project</subfield>
    <subfield code="i">OPEN-REFINE Project Mar2021 New HDD</subfield>
    <subfield code="k">PICTURAE</subfield>
    <subfield code="u">https://cds.cern.ch/record/2257246</subfield>
  </datafield>
  <datafield tag="583" ind1="1" ind2=" ">
    <subfield code="3">U-Matic</subfield>
    <subfield code="6">mirror/Week23</subfield>
    <subfield code="b"> C1V1 </subfield>
    <subfield code="n">51,2233333333333</subfield>
    <subfield code="o">minutes</subfield>
    <subfield code="x"></subfield>
    <subfield code="8">n</subfield>
  </datafield>
  <datafield tag="583" ind1=" " ind2=" ">
    <subfield code="a">curation</subfield>
    <subfield code="c">Decembre 2020</subfield>
    <subfield code="8">n</subfield>
    <subfield code="z"> -Audio: TRUE -Video Signal: TRUE -Multiple: FALSE -Relevant to CERN: TRUE -Duplicate: FALSE</subfield>
  </datafield>
  <datafield tag="590" ind1=" " ind2=" ">
    <subfield code="8">c</subfield>
    <subfield code="9">review</subfield>
    <subfield code="a">Conf\xc3\xa9rence sur les rayons cosmiques et sur la haute energie</subfield>
  </datafield>
  <datafield tag="590" ind1=" " ind2=" ">
    <subfield code="8">c</subfield>
    <subfield code="9">review</subfield>
    <subfield code="a">Conf\xc3\xa9rence sur les rayons cosmiques</subfield>
  </datafield>
  <datafield tag="590" ind1=" " ind2=" ">
    <subfield code="8">d</subfield>
    <subfield code="9">review</subfield>
    <subfield code="a">Conf\xc3\xa9rence sur les rayons cosmiques et sur la haute energie</subfield>
  </datafield>
  <datafield tag="594" ind1=" " ind2=" ">
    <subfield code="9">review</subfield>
    <subfield code="a">Conference Speech</subfield>
  </datafield>
  <datafield tag="594" ind1=" " ind2=" ">
    <subfield code="9">review Mar2021</subfield>
    <subfield code="8">n</subfield>
    <subfield code="a">Conference Speech</subfield>
  </datafield>
  <datafield tag="595" ind1=" " ind2=" ">
    <subfield code="a">SIS AUDIO2000</subfield>
  </datafield>
  <datafield tag="595" ind1=" " ind2=" ">
    <subfield code="a">VIDEO-SR</subfield>
  </datafield>
  <datafield tag="597" ind1=" " ind2=" ">
    <subfield code="8">c</subfield>
    <subfield code="9">review</subfield>
    <subfield code="a">Son de mauvaise qualit\xc3\xa9 : difficult\xc3\xa9 de compr\xc3\xa9hension</subfield>
  </datafield>
  <datafield tag="597" ind1=" " ind2=" ">
    <subfield code="8">d</subfield>
    <subfield code="9">review</subfield>
    <subfield code="a">Son de mauvaise qualit\xc3\xa9 et saccad\xc3\xa9 Fin Conf\xc3\xa9rence : 57:11</subfield>
  </datafield>
  <datafield tag="597" ind1=" " ind2=" ">
    <subfield code="8">j</subfield>
    <subfield code="9">review</subfield>
    <subfield code="a">Son de mauvaise qualit\xc3\xa9</subfield>
  </datafield>
  <datafield tag="597" ind1=" " ind2=" ">
    <subfield code="8">m</subfield>
    <subfield code="9">review</subfield>
    <subfield code="a">Son de mauvaise qualit\xc3\xa9</subfield>
  </datafield>
  <datafield tag="597" ind1=" " ind2=" ">
    <subfield code="8">b</subfield>
    <subfield code="9">review</subfield>
    <subfield code="a">Son satur\xc3\xa9</subfield>
  </datafield>
  <datafield tag="597" ind1=" " ind2=" ">
    <subfield code="8">a</subfield>
    <subfield code="9">review</subfield>
    <subfield code="a">Jusqu\'a 00:44 probleme de son : son tr\xc3\xa8s bas Fin Conf\xc3\xa9rence : 40:15</subfield>
  </datafield>
  <datafield tag="597" ind1=" " ind2=" ">
    <subfield code="8">h</subfield>
    <subfield code="9">review</subfield>
    <subfield code="a">Debut Conf\xc3\xa9rence : 00:52</subfield>
  </datafield>
  <datafield tag="597" ind1=" " ind2=" ">
    <subfield code="8">p</subfield>
    <subfield code="9">review</subfield>
    <subfield code="a">Fin Conf\xc3\xa9rence : 11:01</subfield>
  </datafield>
  <datafield tag="650" ind1="1" ind2="7">
    <subfield code="2">SzGeCERN</subfield>
    <subfield code="a">XX</subfield>
  </datafield>
  <datafield tag="650" ind1="2" ind2="7">
    <subfield code="9">review</subfield>
    <subfield code="a">Portraits of science</subfield>
  </datafield>
  <datafield tag="650" ind1="2" ind2="7">
    <subfield code="9">review Mar2021</subfield>
    <subfield code="a">Portraits of science</subfield>
  </datafield>
  <datafield tag="653" ind1="1" ind2=" ">
    <subfield code="8">c</subfield>
    <subfield code="9">review</subfield>
    <subfield code="a">ECRS</subfield>
  </datafield>
  <datafield tag="653" ind1="1" ind2=" ">
    <subfield code="8">c</subfield>
    <subfield code="9">review</subfield>
    <subfield code="a">high energy physics</subfield>
  </datafield>
  <datafield tag="653" ind1="1" ind2=" ">
    <subfield code="8">c</subfield>
    <subfield code="9">review</subfield>
    <subfield code="a">particle physics</subfield>
  </datafield>
  <datafield tag="653" ind1="1" ind2=" ">
    <subfield code="8">c</subfield>
    <subfield code="9">review</subfield>
    <subfield code="a">cosmic rays</subfield>
  </datafield>
  <datafield tag="653" ind1="1" ind2=" ">
    <subfield code="8">c</subfield>
    <subfield code="9">review</subfield>
    <subfield code="a">Conf\xc3\xa9rence</subfield>
  </datafield>
  <datafield tag="653" ind1="1" ind2=" ">
    <subfield code="8">c</subfield>
    <subfield code="9">review</subfield>
    <subfield code="a">rayon cosmique</subfield>
  </datafield>
  <datafield tag="653" ind1="1" ind2=" ">
    <subfield code="9">review Mar2021</subfield>
    <subfield code="8">n</subfield>
    <subfield code="a">ECRS</subfield>
  </datafield>
  <datafield tag="653" ind1="1" ind2=" ">
    <subfield code="9">review Mar2021</subfield>
    <subfield code="8">n</subfield>
    <subfield code="a">High energy physics</subfield>
  </datafield>
  <datafield tag="653" ind1="1" ind2=" ">
    <subfield code="9">review Mar2021</subfield>
    <subfield code="8">n</subfield>
    <subfield code="a">Particle physics</subfield>
  </datafield>
  <datafield tag="653" ind1="1" ind2=" ">
    <subfield code="9">review Mar2021</subfield>
    <subfield code="8">n</subfield>
    <subfield code="a">Cosmic rays</subfield>
  </datafield>
  <datafield tag="690" ind1="C" ind2=" ">
    <subfield code="a">CERN</subfield>
  </datafield>
  <datafield tag="690" ind1="C" ind2=" ">
    <subfield code="a">TALK</subfield>
  </datafield>
  <datafield tag="690" ind1="C" ind2=" ">
    <subfield code="a">movingimages</subfield>
  </datafield>
  <datafield tag="690" ind1="C" ind2=" ">
    <subfield code="9">CERN QA</subfield>
    <subfield code="a">quality-controlled</subfield>
  </datafield>
  <datafield tag="690" ind1="C" ind2=" ">
    <subfield code="9">review</subfield>
    <subfield code="a">reviewed</subfield>
  </datafield>
  <datafield tag="710" ind1=" " ind2=" ">
    <subfield code="5">EP</subfield>
  </datafield>
  <datafield tag="710" ind1=" " ind2=" ">
    <subfield code="a">CERN. Geneva</subfield>
  </datafield>
  <datafield tag="852" ind1=" " ind2=" ">
    <subfield code="8">A</subfield>
    <subfield code="a">60</subfield>
    <subfield code="b">Z2531</subfield>
    <subfield code="c">CM-A00000306</subfield>
  </datafield>
  <datafield tag="852" ind1=" " ind2=" ">
    <subfield code="8">B</subfield>
    <subfield code="a">60</subfield>
    <subfield code="b">Z2531</subfield>
    <subfield code="c">CM-A00000306</subfield>
  </datafield>
  <datafield tag="852" ind1=" " ind2=" ">
    <subfield code="8">C</subfield>
    <subfield code="a">60</subfield>
    <subfield code="b">Z2531</subfield>
    <subfield code="c">CM-A00000306</subfield>
  </datafield>
  <datafield tag="852" ind1=" " ind2=" ">
    <subfield code="8">D</subfield>
    <subfield code="a">60</subfield>
    <subfield code="b">Z2531</subfield>
    <subfield code="c">CM-A00000306</subfield>
  </datafield>
  <datafield tag="852" ind1=" " ind2=" ">
    <subfield code="8">E</subfield>
    <subfield code="a">60</subfield>
    <subfield code="b">Z2531</subfield>
    <subfield code="c">CM-A00000306</subfield>
  </datafield>
  <datafield tag="852" ind1=" " ind2=" ">
    <subfield code="8">F</subfield>
    <subfield code="a">60</subfield>
    <subfield code="b">Z2531</subfield>
    <subfield code="c">CM-A00000306</subfield>
  </datafield>
  <datafield tag="852" ind1=" " ind2=" ">
    <subfield code="8">G</subfield>
    <subfield code="a">60</subfield>
    <subfield code="b">Z2531</subfield>
    <subfield code="c">CM-A00000306</subfield>
  </datafield>
  <datafield tag="852" ind1=" " ind2=" ">
    <subfield code="8">H</subfield>
    <subfield code="a">60</subfield>
    <subfield code="b">Z2531</subfield>
    <subfield code="c">CM-A00000306</subfield>
  </datafield>
  <datafield tag="852" ind1=" " ind2=" ">
    <subfield code="8">I</subfield>
    <subfield code="a">60</subfield>
    <subfield code="b">Z2531</subfield>
    <subfield code="c">CM-A00000306</subfield>
  </datafield>
  <datafield tag="852" ind1=" " ind2=" ">
    <subfield code="8">J</subfield>
    <subfield code="a">60</subfield>
    <subfield code="b">Z2531</subfield>
    <subfield code="c">CM-A00000306</subfield>
  </datafield>
  <datafield tag="852" ind1=" " ind2=" ">
    <subfield code="8">K</subfield>
    <subfield code="a">60</subfield>
    <subfield code="b">Z2531</subfield>
    <subfield code="c">CM-A00000306</subfield>
  </datafield>
  <datafield tag="852" ind1=" " ind2=" ">
    <subfield code="8">L</subfield>
    <subfield code="a">60</subfield>
    <subfield code="b">Z2531</subfield>
    <subfield code="c">CM-A00000306</subfield>
  </datafield>
  <datafield tag="852" ind1=" " ind2=" ">
    <subfield code="8">M</subfield>
    <subfield code="a">60</subfield>
    <subfield code="b">Z2531</subfield>
    <subfield code="c">CM-A00000306</subfield>
  </datafield>
  <datafield tag="852" ind1=" " ind2=" ">
    <subfield code="8">N</subfield>
    <subfield code="a">60</subfield>
    <subfield code="b">Z2531</subfield>
    <subfield code="c">CM-A00000306</subfield>
  </datafield>
  <datafield tag="852" ind1=" " ind2=" ">
    <subfield code="8">O</subfield>
    <subfield code="a">60</subfield>
    <subfield code="b">Z2531</subfield>
    <subfield code="c">CM-A00000306</subfield>
  </datafield>
  <datafield tag="852" ind1=" " ind2=" ">
    <subfield code="8">P</subfield>
    <subfield code="a">60</subfield>
    <subfield code="b">Z2531</subfield>
    <subfield code="c">CM-A00000306</subfield>
  </datafield>
  <datafield tag="856" ind1="7" ind2=" ">
    <subfield code="2">EOS</subfield>
    <subfield code="8">c</subfield>
    <subfield code="d">/eos/media/cds/public/www/digital-memory/media-archive/video/open/mkv/423105-c.mkv</subfield>
    <subfield code="q">MKV</subfield>
    <subfield code="s">29586009000</subfield>
    <subfield code="w">(PICTURAE:MD5)pm_C1V1_423105-c_tmp.mkv;bdbb928372acf90d414ff204a560b1ca</subfield>
  </datafield>
  <datafield tag="856" ind1="7" ind2=" ">
    <subfield code="2">EOS</subfield>
    <subfield code="8">c</subfield>
    <subfield code="d">/eos/media/cds/public/www/digital-memory/media-archive/video/open/mov/423105-c.mov</subfield>
    <subfield code="q">MOV</subfield>
    <subfield code="s">12814865595</subfield>
    <subfield code="w">(PICTURAE:MD5)am_C1V1_423105-c_tmp.mov;7fbfbfb37440396afd0ad526f8e3c205</subfield>
  </datafield>
  <datafield tag="856" ind1="7" ind2=" ">
    <subfield code="2">EOS</subfield>
    <subfield code="8">d</subfield>
    <subfield code="d">/eos/media/cds/public/www/digital-memory/media-archive/video/open/mkv/423105-d.mkv</subfield>
    <subfield code="q">MKV</subfield>
    <subfield code="s">42495673730</subfield>
    <subfield code="w">(PICTURAE:MD5)pm_C1V1_423105-d_tmp.mkv;802a133b874f276e486058d18d2630cc</subfield>
  </datafield>
  <datafield tag="856" ind1="7" ind2=" ">
    <subfield code="2">EOS</subfield>
    <subfield code="8">d</subfield>
    <subfield code="d">/eos/media/cds/public/www/digital-memory/media-archive/video/open/mov/423105-d.mov</subfield>
    <subfield code="q">MOV</subfield>
    <subfield code="s">13507457813</subfield>
    <subfield code="w">(PICTURAE:MD5)am_C1V1_423105-d_tmp.mov;f48678b1c0a53f51050537c4ca4140e2</subfield>
  </datafield>
  <datafield tag="856" ind1="7" ind2=" ">
    <subfield code="2">EOS</subfield>
    <subfield code="8">j</subfield>
    <subfield code="d">/eos/media/cds/public/www/digital-memory/media-archive/video/open/mkv/423105-j.mkv</subfield>
    <subfield code="q">MKV</subfield>
    <subfield code="s">30563412575</subfield>
    <subfield code="w">(PICTURAE:MD5)pm_C1V1_423105-j.mkv;c7c0519af2f2d389fe7f140362e68563</subfield>
  </datafield>
  <datafield tag="856" ind1="7" ind2=" ">
    <subfield code="2">EOS</subfield>
    <subfield code="8">j</subfield>
    <subfield code="d">/eos/media/cds/public/www/digital-memory/media-archive/video/open/mov/423105-j.mov</subfield>
    <subfield code="q">MOV</subfield>
    <subfield code="s">13463252958</subfield>
    <subfield code="w">(PICTURAE:MD5)am_C1V1_423105-j.mov;f9fcba98e3dc8406f9e11857c7ad3782</subfield>
  </datafield>
  <datafield tag="856" ind1="7" ind2=" ">
    <subfield code="2">EOS</subfield>
    <subfield code="8">m</subfield>
    <subfield code="d">/eos/media/cds/public/www/digital-memory/media-archive/video/open/mkv/423105-m.mkv</subfield>
    <subfield code="q">MKV</subfield>
    <subfield code="s">42961670697</subfield>
    <subfield code="w">(PICTURAE:MD5)pm_C1V1_423105-m_tmp.mkv;972f37c63f53518b2ec215ba3227dc34</subfield>
  </datafield>
  <datafield tag="856" ind1="7" ind2=" ">
    <subfield code="2">EOS</subfield>
    <subfield code="8">m</subfield>
    <subfield code="d">/eos/media/cds/public/www/digital-memory/media-archive/video/open/mov/423105-m.mov</subfield>
    <subfield code="q">MOV</subfield>
    <subfield code="s">14130548640</subfield>
    <subfield code="w">(PICTURAE:MD5)am_C1V1_423105-m_tmp.mov;bcfde99894e9939ccd026135c9805325</subfield>
  </datafield>
  <datafield tag="856" ind1="7" ind2=" ">
    <subfield code="2">EOS</subfield>
    <subfield code="8">b</subfield>
    <subfield code="d">/eos/media/cds/public/www/digital-memory/media-archive/video/open/mkv/423105-b.mkv</subfield>
    <subfield code="q">MKV</subfield>
    <subfield code="s">46221718934</subfield>
    <subfield code="w">(PICTURAE:MD5)pm_C1V1_423105-b.mkv;2b58a5f73ab6dc9f45f6a942a5ecc1de</subfield>
  </datafield>
  <datafield tag="856" ind1="7" ind2=" ">
    <subfield code="2">EOS</subfield>
    <subfield code="8">b</subfield>
    <subfield code="d">/eos/media/cds/public/www/digital-memory/media-archive/video/open/mov/423105-b.mov</subfield>
    <subfield code="q">MOV</subfield>
    <subfield code="s">14410732655</subfield>
    <subfield code="w">(PICTURAE:MD5)am_C1V1_423105-b.mov;9344b8c2716ea96f593ace7c1072ff58</subfield>
  </datafield>
  <datafield tag="856" ind1="7" ind2=" ">
    <subfield code="2">EOS</subfield>
    <subfield code="8">e</subfield>
    <subfield code="d">/eos/media/cds/public/www/digital-memory/media-archive/video/open/mkv/423105-e.mkv</subfield>
    <subfield code="q">MKV</subfield>
    <subfield code="s">29431811642</subfield>
    <subfield code="w">(PICTURAE:MD5)pm_C1V1_423105-e.mkv;97166442b1f30284e71bb6956478d35d</subfield>
  </datafield>
  <datafield tag="856" ind1="7" ind2=" ">
    <subfield code="2">EOS</subfield>
    <subfield code="8">e</subfield>
    <subfield code="d">/eos/media/cds/public/www/digital-memory/media-archive/video/open/mov/423105-e.mov</subfield>
    <subfield code="q">MOV</subfield>
    <subfield code="s">12973508936</subfield>
    <subfield code="w">(PICTURAE:MD5)am_C1V1_423105-e.mov;a6804f3d0c86393a88f26a0107f30dd9</subfield>
  </datafield>
  <datafield tag="856" ind1="7" ind2=" ">
    <subfield code="2">EOS</subfield>
    <subfield code="8">k</subfield>
    <subfield code="d">/eos/media/cds/public/www/digital-memory/media-archive/video/open/mkv/423105-k.mkv</subfield>
    <subfield code="q">MKV</subfield>
    <subfield code="s">30169287687</subfield>
    <subfield code="w">(PICTURAE:MD5)pm_C1V1_423105-k.mkv;4d2bfeaf45a664afdb7511a85a4a571c</subfield>
  </datafield>
  <datafield tag="856" ind1="7" ind2=" ">
    <subfield code="2">EOS</subfield>
    <subfield code="8">k</subfield>
    <subfield code="d">/eos/media/cds/public/www/digital-memory/media-archive/video/open/mov/423105-k.mov</subfield>
    <subfield code="q">MOV</subfield>
    <subfield code="s">12956188652</subfield>
    <subfield code="w">(PICTURAE:MD5)am_C1V1_423105-k.mov;8d2113de7f9f8130bf15f611207e4b77</subfield>
  </datafield>
  <datafield tag="856" ind1="7" ind2=" ">
    <subfield code="2">EOS</subfield>
    <subfield code="8">l</subfield>
    <subfield code="d">/eos/media/cds/public/www/digital-memory/media-archive/video/open/mkv/423105-l.mkv</subfield>
    <subfield code="q">MKV</subfield>
    <subfield code="s">40630294710</subfield>
    <subfield code="w">(PICTURAE:MD5)pm_C1V1_423105-l.mkv;fe2272afb9edf1ebe9773c985d126fe7</subfield>
  </datafield>
  <datafield tag="856" ind1="7" ind2=" ">
    <subfield code="2">EOS</subfield>
    <subfield code="8">l</subfield>
    <subfield code="d">/eos/media/cds/public/www/digital-memory/media-archive/video/open/mov/423105-l.mov</subfield>
    <subfield code="q">MOV</subfield>
    <subfield code="s">13158187163</subfield>
    <subfield code="w">(PICTURAE:MD5)am_C1V1_423105-l.mov;18eeb1f9d955d32c32f528820700b082</subfield>
  </datafield>
  <datafield tag="856" ind1="7" ind2=" ">
    <subfield code="2">EOS</subfield>
    <subfield code="8">a</subfield>
    <subfield code="d">/eos/media/cds/public/www/digital-memory/media-archive/video/open/mkv/423105-a.mkv</subfield>
    <subfield code="q">MKV</subfield>
    <subfield code="s">22547239040</subfield>
    <subfield code="w">(PICTURAE:MD5)pm_C1V1_423105-a.mkv;4d7142f3a956e7350e96cae34ac7fc44</subfield>
  </datafield>
  <datafield tag="856" ind1="7" ind2=" ">
    <subfield code="2">EOS</subfield>
    <subfield code="8">a</subfield>
    <subfield code="d">/eos/media/cds/public/www/digital-memory/media-archive/video/open/mov/423105-a.mov</subfield>
    <subfield code="q">MOV</subfield>
    <subfield code="s">9311903181</subfield>
    <subfield code="w">(PICTURAE:MD5)am_C1V1_423105-a.mov;e1478600b25388e0ec7dda6d63cbefc0</subfield>
  </datafield>
  <datafield tag="856" ind1="7" ind2=" ">
    <subfield code="2">EOS</subfield>
    <subfield code="8">f</subfield>
    <subfield code="d">/eos/media/cds/public/www/digital-memory/media-archive/video/open/mkv/423105-f.mkv</subfield>
    <subfield code="q">MKV</subfield>
    <subfield code="s">32345151463</subfield>
    <subfield code="w">(PICTURAE:MD5)pm_C1V1_423105-f.mkv;1655b4f8bf8ce54f3b38b4dd33a0e6d7</subfield>
  </datafield>
  <datafield tag="856" ind1="7" ind2=" ">
    <subfield code="2">EOS</subfield>
    <subfield code="8">f</subfield>
    <subfield code="d">/eos/media/cds/public/www/digital-memory/media-archive/video/open/mov/423105-f.mov</subfield>
    <subfield code="q">MOV</subfield>
    <subfield code="s">13895324450</subfield>
    <subfield code="w">(PICTURAE:MD5)am_C1V1_423105-f.mov;caffbd3b849d300a61759427f6d8ece2</subfield>
  </datafield>
  <datafield tag="856" ind1="7" ind2=" ">
    <subfield code="2">EOS</subfield>
    <subfield code="8">h</subfield>
    <subfield code="d">/eos/media/cds/public/www/digital-memory/media-archive/video/open/mkv/423105-h.mkv</subfield>
    <subfield code="q">MKV</subfield>
    <subfield code="s">44409638877</subfield>
    <subfield code="w">(PICTURAE:MD5)pm_C1V1_423105-h.mkv;3e7bbda52bf9b31472e5be69d53086ba</subfield>
  </datafield>
  <datafield tag="856" ind1="7" ind2=" ">
    <subfield code="2">EOS</subfield>
    <subfield code="8">h</subfield>
    <subfield code="d">/eos/media/cds/public/www/digital-memory/media-archive/video/open/mov/423105-h.mov</subfield>
    <subfield code="q">MOV</subfield>
    <subfield code="s">14726471209</subfield>
    <subfield code="w">(PICTURAE:MD5)am_C1V1_423105-h.mov;b151e01d3b62a873422e8d6396df98f2</subfield>
  </datafield>
  <datafield tag="856" ind1="7" ind2=" ">
    <subfield code="2">EOS</subfield>
    <subfield code="8">o</subfield>
    <subfield code="d">/eos/media/cds/public/www/digital-memory/media-archive/video/open/mkv/423105-o.mkv</subfield>
    <subfield code="q">MKV</subfield>
    <subfield code="s">43068480501</subfield>
    <subfield code="w">(PICTURAE:MD5)pm_C1V1_423105-o.mkv;76af208c80e7fbe5b0a5f6facdabfcfb</subfield>
  </datafield>
  <datafield tag="856" ind1="7" ind2=" ">
    <subfield code="2">EOS</subfield>
    <subfield code="8">o</subfield>
    <subfield code="d">/eos/media/cds/public/www/digital-memory/media-archive/video/open/mov/423105-o.mov</subfield>
    <subfield code="q">MOV</subfield>
    <subfield code="s">14092658794</subfield>
    <subfield code="w">(PICTURAE:MD5)am_C1V1_423105-o.mov;8cd72111672ab889bc13bdf70159f08a</subfield>
  </datafield>
  <datafield tag="856" ind1="7" ind2=" ">
    <subfield code="2">EOS</subfield>
    <subfield code="8">p</subfield>
    <subfield code="d">/eos/media/cds/public/www/digital-memory/media-archive/video/open/mkv/423105-p.mkv</subfield>
    <subfield code="q">MKV</subfield>
    <subfield code="s">8563930981</subfield>
    <subfield code="w">(PICTURAE:MD5)pm_C1V1_423105-p.mkv;93ca702008eff81f4d64f06cbf882516</subfield>
  </datafield>
  <datafield tag="856" ind1="7" ind2=" ">
    <subfield code="2">EOS</subfield>
    <subfield code="8">p</subfield>
    <subfield code="d">/eos/media/cds/public/www/digital-memory/media-archive/video/open/mov/423105-p.mov</subfield>
    <subfield code="q">MOV</subfield>
    <subfield code="s">2626675784</subfield>
    <subfield code="w">(PICTURAE:MD5)am_C1V1_423105-p.mov;2e59f5194f62dbfb60917e4f1355bb88</subfield>
  </datafield>
  <datafield tag="856" ind1="4" ind2=" ">
    <subfield code="u">https://cds.cern.ch/record/239252</subfield>
    <subfield code="y">Conference proceedings</subfield>
  </datafield>
  <datafield tag="856" ind1="4" ind2=" ">
    <subfield code="2">EOS</subfield>
    <subfield code="8">c</subfield>
    <subfield code="q">MP4</subfield>
    <subfield code="s">551950211</subfield>
    <subfield code="u">https://cern.ch/digital-memory/media-archive/video/open/mp4/423105-c.mp4</subfield>
    <subfield code="w">(PICTURAE:MD5)ac_C1V1_423105-c_tmp.mp4;603b22de9a0fb3350088d7847e621a54</subfield>
    <subfield code="y">Video-423105-c</subfield>
    <subfield code="z">mp4 video format (640x360)</subfield>
  </datafield>
  <datafield tag="856" ind1="4" ind2=" ">
    <subfield code="2">EOS</subfield>
    <subfield code="8">d</subfield>
    <subfield code="q">MP4</subfield>
    <subfield code="s">551936163</subfield>
    <subfield code="u">https://cern.ch/digital-memory/media-archive/video/open/mp4/423105-d.mp4</subfield>
    <subfield code="w">(PICTURAE:MD5)ac_C1V1_423105-d_tmp.mp4;35c95260b8497bc5703e0553947301cc</subfield>
    <subfield code="y">Video-423105-d</subfield>
    <subfield code="z">mp4 video format (640x360)</subfield>
  </datafield>
  <datafield tag="856" ind1="4" ind2=" ">
    <subfield code="2">EOS</subfield>
    <subfield code="8">j</subfield>
    <subfield code="q">MP4</subfield>
    <subfield code="s">575898255</subfield>
    <subfield code="u">https://cern.ch/digital-memory/media-archive/video/open/mp4/423105-j.mp4</subfield>
    <subfield code="w">(PICTURAE:MD5)ac_C1V1_423105-j.mp4;87949840a3a778e4cdc23e487833ab24</subfield>
    <subfield code="y">Video-423105-j</subfield>
    <subfield code="z">mp4 video format (640x360)</subfield>
  </datafield>
  <datafield tag="856" ind1="4" ind2=" ">
    <subfield code="2">EOS</subfield>
    <subfield code="8">m</subfield>
    <subfield code="q">MP4</subfield>
    <subfield code="s">579159517</subfield>
    <subfield code="u">https://cern.ch/digital-memory/media-archive/video/open/mp4/423105-m.mp4</subfield>
    <subfield code="w">(PICTURAE:MD5)ac_C1V1_423105-m_tmp.mp4;883ec6bc74313a4934ca6fe0d8cde8fc</subfield>
    <subfield code="y">Video-423105-m</subfield>
    <subfield code="z">mp4 video format (640x360)</subfield>
  </datafield>
  <datafield tag="856" ind1="4" ind2=" ">
    <subfield code="2">EOS</subfield>
    <subfield code="8">b</subfield>
    <subfield code="q">MP4</subfield>
    <subfield code="s">602706792</subfield>
    <subfield code="u">https://cern.ch/digital-memory/media-archive/video/open/mp4/423105-b.mp4</subfield>
    <subfield code="w">(PICTURAE:MD5)ac_C1V1_423105-b.mp4;e4b7b8cdee81d80f24a17137345fc093</subfield>
    <subfield code="y">Video-423105-b</subfield>
    <subfield code="z">mp4 video format (640x360)</subfield>
  </datafield>
  <datafield tag="856" ind1="4" ind2=" ">
    <subfield code="2">EOS</subfield>
    <subfield code="8">e</subfield>
    <subfield code="q">MP4</subfield>
    <subfield code="s">575333150</subfield>
    <subfield code="u">https://cern.ch/digital-memory/media-archive/video/open/mp4/423105-e.mp4</subfield>
    <subfield code="w">(PICTURAE:MD5)ac_C1V1_423105-e.mp4;28ae3a4166399365a4bbde1c4ed9ac61</subfield>
    <subfield code="y">Video-423105-e</subfield>
    <subfield code="z">mp4 video format (640x360)</subfield>
  </datafield>
  <datafield tag="856" ind1="4" ind2=" ">
    <subfield code="2">EOS</subfield>
    <subfield code="8">k</subfield>
    <subfield code="q">MP4</subfield>
    <subfield code="s">597637785</subfield>
    <subfield code="u">https://cern.ch/digital-memory/media-archive/video/open/mp4/423105-k.mp4</subfield>
    <subfield code="w">(PICTURAE:MD5)ac_C1V1_423105-k.mp4;288130c0e5f47dde5708988b57617447</subfield>
    <subfield code="y">Video-423105-k</subfield>
    <subfield code="z">mp4 video format (640x360)</subfield>
  </datafield>
  <datafield tag="856" ind1="4" ind2=" ">
    <subfield code="2">EOS</subfield>
    <subfield code="8">l</subfield>
    <subfield code="q">MP4</subfield>
    <subfield code="s">542010449</subfield>
    <subfield code="u">https://cern.ch/digital-memory/media-archive/video/open/mp4/423105-l.mp4</subfield>
    <subfield code="w">(PICTURAE:MD5)ac_C1V1_423105-l.mp4;df3cc9280b616d052e66bcc17c23a9f4</subfield>
    <subfield code="y">Video-423105-l</subfield>
    <subfield code="z">mp4 video format (640x360)</subfield>
  </datafield>
  <datafield tag="856" ind1="4" ind2=" ">
    <subfield code="2">EOS</subfield>
    <subfield code="8">a</subfield>
    <subfield code="q">MP4</subfield>
    <subfield code="s">391506688</subfield>
    <subfield code="u">https://cern.ch/digital-memory/media-archive/video/open/mp4/423105-a.mp4</subfield>
    <subfield code="w">(PICTURAE:MD5)ac_C1V1_423105-a.mp4;7c272129b842cb49fffa00e1623cdc1b</subfield>
    <subfield code="y">Video-423105-a</subfield>
    <subfield code="z">mp4 video format (640x360)</subfield>
  </datafield>
  <datafield tag="856" ind1="4" ind2=" ">
    <subfield code="2">EOS</subfield>
    <subfield code="8">f</subfield>
    <subfield code="q">MP4</subfield>
    <subfield code="s">601423357</subfield>
    <subfield code="u">https://cern.ch/digital-memory/media-archive/video/open/mp4/423105-f.mp4</subfield>
    <subfield code="w">(PICTURAE:MD5)ac_C1V1_423105-f.mp4;239e22940e018e2582add33482f4b82c</subfield>
    <subfield code="y">Video-423105-f</subfield>
    <subfield code="z">mp4 video format (640x360)</subfield>
  </datafield>
  <datafield tag="856" ind1="4" ind2=" ">
    <subfield code="2">EOS</subfield>
    <subfield code="8">h</subfield>
    <subfield code="q">MP4</subfield>
    <subfield code="s">606455079</subfield>
    <subfield code="u">https://cern.ch/digital-memory/media-archive/video/open/mp4/423105-h.mp4</subfield>
    <subfield code="w">(PICTURAE:MD5)ac_C1V1_423105-h.mp4;20b9d2176fadd050d6e67a7e59ad3206</subfield>
    <subfield code="y">Video-423105-h</subfield>
    <subfield code="z">mp4 video format (640x360)</subfield>
  </datafield>
  <datafield tag="856" ind1="4" ind2=" ">
    <subfield code="2">EOS</subfield>
    <subfield code="8">o</subfield>
    <subfield code="q">MP4</subfield>
    <subfield code="s">579836148</subfield>
    <subfield code="u">https://cern.ch/digital-memory/media-archive/video/open/mp4/423105-o.mp4</subfield>
    <subfield code="w">(PICTURAE:MD5)ac_C1V1_423105-o.mp4;9fc859760751fa0ad49005b1dc2b3fdc</subfield>
    <subfield code="y">Video-423105-o</subfield>
    <subfield code="z">mp4 video format (640x360)</subfield>
  </datafield>
  <datafield tag="856" ind1="4" ind2=" ">
    <subfield code="2">EOS</subfield>
    <subfield code="8">p</subfield>
    <subfield code="q">MP4</subfield>
    <subfield code="s">110290942</subfield>
    <subfield code="u">https://cern.ch/digital-memory/media-archive/video/open/mp4/423105-p.mp4</subfield>
    <subfield code="w">(PICTURAE:MD5)ac_C1V1_423105-p.mp4;13e75d125fe6789fd02220206c878bfa</subfield>
    <subfield code="y">Video-423105-p</subfield>
    <subfield code="z">mp4 video format (640x360)</subfield>
  </datafield>
  <datafield tag="916" ind1=" " ind2=" ">
    <subfield code="s">n</subfield>
    <subfield code="w">200208</subfield>
  </datafield>
  <datafield tag="960" ind1=" " ind2=" ">
    <subfield code="a">200</subfield>
  </datafield>
  <datafield tag="961" ind1=" " ind2=" ">
    <subfield code="c">20100226</subfield>
    <subfield code="h">2004</subfield>
    <subfield code="l">CER01</subfield>
    <subfield code="x">20040218</subfield>
  </datafield>
  <datafield tag="961" ind1=" " ind2=" ">
    <subfield code="a">Tom Barth\xc3\xa9l\xc3\xa9my</subfield>
    <subfield code="b">Curator</subfield>
    <subfield code="x">2021-03-01</subfield>
  </datafield>
  <datafield tag="961" ind1=" " ind2=" ">
    <subfield code="a">Marina Savino</subfield>
    <subfield code="b">Curator</subfield>
    <subfield code="x">2021-03-01</subfield>
  </datafield>
  <datafield tag="962" ind1=" " ind2=" ">
    <subfield code="b">239252</subfield>
    <subfield code="k">videos</subfield>
    <subfield code="n">cern920727</subfield>
  </datafield>
  <datafield tag="962" ind1=" " ind2=" ">
    <subfield code="b">539139</subfield>
    <subfield code="n">cern900101h</subfield>
  </datafield>
  <datafield tag="963" ind1=" " ind2=" ">
    <subfield code="a">PUBLIC</subfield>
  </datafield>
  <datafield tag="963" ind1=" " ind2=" ">
    <subfield code="9">review</subfield>
    <subfield code="a">PUBLIC</subfield>
  </datafield>
  <datafield tag="963" ind1=" " ind2=" ">
    <subfield code="9">review
</subfield>
    <subfield code="a">PUBLIC</subfield>
    <subfield code="8">n</subfield>
  </datafield>
  <datafield tag="970" ind1=" " ind2=" ">
    <subfield code="a">002171147CER</subfield>
  </datafield>
  <datafield tag="970" ind1=" " ind2=" ">
    <subfield code="a">000423105CER</subfield>
  </datafield>
  <datafield tag="980" ind1=" " ind2=" ">
    <subfield code="a">VIDEOARC</subfield>
  </datafield>
  <datafield tag="980" ind1=" " ind2=" ">
    <subfield code="a">Indico</subfield>
    <subfield code="b">CR</subfield>
  </datafield>
</record>