
</collection>
<collection xmlns="http://www.loc.gov/MARC21/slim">
<record>
  <controlfield tag="001">423042</controlfield>
  <controlfield tag="003">SzGeCERN</controlfield>
  <controlfield tag="005">20221102232113.0</controlfield>
  <datafield tag="024" ind1="8" ind2=" ">
    <subfield code="a">oai:cds.cern.ch:423042</subfield>
    <subfield code="p">cerncds:TALK</subfield>
    <subfield code="p">cerncds:MEMORIAV</subfield>
  </datafield>
  <datafield tag="041" ind1=" " ind2=" ">
    <subfield code="a">eng</subfield>
  </datafield>
  <datafield tag="041" ind1=" " ind2=" ">
    <subfield code="9">review</subfield>
    <subfield code="a">eng</subfield>
  </datafield>
  <datafield tag="088" ind1=" " ind2=" ">
    <subfield code="9">CERN-VIDEO-C-108-K</subfield>
  </datafield>
  <datafield tag="100" ind1=" " ind2=" ">
    <subfield code="0">AUTHOR|(CDS)2067192</subfield>
    <subfield code="9">#BEARD#</subfield>
    <subfield code="a">Jenni, Peter</subfield>
  </datafield>
  <datafield tag="245" ind1=" " ind2=" ">
    <subfield code="a">Recent developments in detectors</subfield>
  </datafield>
  <datafield tag="260" ind1=" " ind2=" ">
    <subfield code="a">Geneva</subfield>
    <subfield code="b">CERN</subfield>
    <subfield code="c">1991</subfield>
  </datafield>
  <datafield tag="260" ind1=" " ind2=" ">
    <subfield code="9">review</subfield>
    <subfield code="c">1991</subfield>
  </datafield>
  <datafield tag="269" ind1=" " ind2=" ">
    <subfield code="c">1991-07-30</subfield>
  </datafield>
  <datafield tag="300" ind1=" " ind2=" ">
    <subfield code="a">1 VHS video</subfield>
    <subfield code="b">720x576 4/3, 25</subfield>
  </datafield>
  <datafield tag="300" ind1=" " ind2=" ">
    <subfield code="2">CERN-VIDEO-C-108-K</subfield>
    <subfield code="8">K</subfield>
    <subfield code="a">00:58:15:00</subfield>
    <subfield code="b">720x576 4/3, 25</subfield>
  </datafield>
  <datafield tag="337" ind1=" " ind2=" ">
    <subfield code="a">Video</subfield>
  </datafield>
  <datafield tag="340" ind1=" " ind2=" ">
    <subfield code="8">K</subfield>
    <subfield code="9">JENNI</subfield>
    <subfield code="a">U-Matic</subfield>
    <subfield code="j">Master</subfield>
    <subfield code="k">19910730</subfield>
  </datafield>
  <datafield tag="500" ind1=" " ind2=" ">
    <subfield code="a">VHS not held by the CERN library</subfield>
  </datafield>
  <datafield tag="500" ind1=" " ind2=" ">
    <subfield code="a">The video was digitized from its original recording as part of the CERN Digital Memory project</subfield>
  </datafield>
  <datafield tag="511" ind1="1" ind2=" ">
    <subfield code="9">review</subfield>
    <subfield code="a">Peter Jenni, E. Ros, A. Sharma</subfield>
  </datafield>
  <datafield tag="518" ind1=" " ind2=" ">
    <subfield code="a">30 Jul 1991</subfield>
  </datafield>
  <datafield tag="520" ind1=" " ind2=" ">
    <subfield code="a">Session 11</subfield>
  </datafield>
  <datafield tag="520" ind1=" " ind2=" ">
    <subfield code="9">review</subfield>
    <subfield code="a">Talks on the Joint 15th International Lepton-Photon Symposium and 16th Europhysics Conference on High-Energy Physics</subfield>
  </datafield>
  <datafield tag="542" ind1=" " ind2=" ">
    <subfield code="d">CERN</subfield>
    <subfield code="g">1991</subfield>
  </datafield>
  <datafield tag="542" ind1="1" ind2=" ">
    <subfield code="g">1991</subfield>
    <subfield code="9">review</subfield>
    <subfield code="d">CERN</subfield>
  </datafield>
  <datafield tag="583" ind1="1" ind2=" ">
    <subfield code="i">CREATE-MARC-run20180622_170835</subfield>
    <subfield code="a">digitized</subfield>
    <subfield code="2">pda</subfield>
    <subfield code="f">CERN Digital Memory Project</subfield>
    <subfield code="k">PICTURAE</subfield>
    <subfield code="u">https://cds.cern.ch/record/2257246</subfield>
    <subfield code="5">SzGeCERN</subfield>
    <subfield code="6">WEEK15-public</subfield>
    <subfield code="b">C1V1: Composite\tSignal - U-Matic,\xc2\xa0U-Matic SP,\xc2\xa0VHS, 1 inch C, 1 inch B, Video , Betamax </subfield>
    <subfield code="3"> U-Matic SP </subfield>
    <subfield code="f">public</subfield>
    <subfield code="z">
 - VISUAL INSPECTION TABLE of U-Matic SP () true  - 
 - RTI VT 3100 of U-Matic SP () true  - 
 - MAC-V022 of U-Matic SP () true  - 
 - MANUAL QC GEN of U-Matic SP () true  - 
 - FILE_PRESENCE of U-Matic SP () true  - 
      </subfield>
    <subfield code="x">
 - VISUAL INSPECTION TABLE timing: from 15/01/2018 20:18 to 15/01/2018 20:18 -
 - RTI VT 3100 timing: from 15/01/2018 20:18 to 15/01/2018 20:18 -
 - MAC-V022 timing: from 16/01/2018 08:28 to 16/01/2018 09:29 -
 - MANUAL QC GEN timing: from 17/01/2018 21:49 to 17/01/2018 21:49 -
 - FILE_PRESENCE timing: from 17/01/2018 21:49 to 17/01/2018 21:49 -
       </subfield>
    <subfield code="c">20180117</subfield>
  </datafield>
  <datafield tag="590" ind1=" " ind2=" ">
    <subfield code="9">review</subfield>
    <subfield code="a">Expos\xc3\xa9s sur le 15e Symposium international Lepton-Photon et la 16e Conf\xc3\xa9rence Europhysics sur la physique des hautes \xc3\xa9nergies</subfield>
  </datafield>
  <datafield tag="594" ind1=" " ind2=" ">
    <subfield code="9">review</subfield>
    <subfield code="a">Conference Speech</subfield>
  </datafield>
  <datafield tag="595" ind1=" " ind2=" ">
    <subfield code="a">SIS AUDIO2000</subfield>
  </datafield>
  <datafield tag="595" ind1=" " ind2=" ">
    <subfield code="a">VIDEO-SR</subfield>
  </datafield>
  <datafield tag="650" ind1="1" ind2="7">
    <subfield code="2">SzGeCERN</subfield>
    <subfield code="a">Detectors and Experimental Techniques</subfield>
  </datafield>
  <datafield tag="650" ind1="2" ind2="7">
    <subfield code="9">review</subfield>
    <subfield code="a">Accelerators</subfield>
  </datafield>
  <datafield tag="653" ind1="1" ind2=" ">
    <subfield code="9">review</subfield>
    <subfield code="a">detectors</subfield>
  </datafield>
  <datafield tag="653" ind1="1" ind2=" ">
    <subfield code="9">review</subfield>
    <subfield code="a">particle physics</subfield>
  </datafield>
  <datafield tag="653" ind1="1" ind2=" ">
    <subfield code="9">review</subfield>
    <subfield code="a">experiments</subfield>
  </datafield>
  <datafield tag="690" ind1="C" ind2=" ">
    <subfield code="a">TALK</subfield>
  </datafield>
  <datafield tag="690" ind1="C" ind2=" ">
    <subfield code="a">CERN</subfield>
  </datafield>
  <datafield tag="690" ind1="C" ind2=" ">
    <subfield code="a">movingimages</subfield>
  </datafield>
  <datafield tag="690" ind1="C" ind2=" ">
    <subfield code="9">review</subfield>
    <subfield code="a">reviewed</subfield>
  </datafield>
  <datafield tag="700" ind1=" " ind2=" ">
    <subfield code="a">Ros, E</subfield>
  </datafield>
  <datafield tag="700" ind1=" " ind2=" ">
    <subfield code="a">Sharma, A</subfield>
  </datafield>
  <datafield tag="710" ind1=" " ind2=" ">
    <subfield code="5">EP</subfield>
  </datafield>
  <datafield tag="710" ind1=" " ind2=" ">
    <subfield code="a">CERN. Geneva</subfield>
  </datafield>
  <datafield tag="852" ind1=" " ind2=" ">
    <subfield code="8">K</subfield>
    <subfield code="a">60</subfield>
    <subfield code="b">Z2511</subfield>
    <subfield code="c">CM-A00000303</subfield>
  </datafield>
  <datafield tag="856" ind1="7" ind2=" ">
    <subfield code="2">MediaArchive</subfield>
    <subfield code="d">\\\\cern.ch\\dfs\\Services\\MediaArchive\\Video\\Masters\\Conferences\\1991\\CERN-VIDEO-C-108-K.avi</subfield>
    <subfield code="x">Absolute master path</subfield>
  </datafield>
  <datafield tag="856" ind1="7" ind2=" ">
    <subfield code="2">MediaArchive</subfield>
    <subfield code="u">http://mediaarchive.cern.ch/MediaArchive/Video/Public/Conferences/1991/CERN-VIDEO-C-108-K/CERN-VIDEO-C-108-K-0480-kbps-384x288-25-fps-audio-128-kbps-48-kHz-stereo.wmv</subfield>
    <subfield code="x">wmv0480</subfield>
    <subfield code="y">0480 kbps 384x288 25 fps audio 128 kbps 48 kHz stereo</subfield>
  </datafield>
  <datafield tag="856" ind1="7" ind2=" ">
    <subfield code="2">MediaArchive</subfield>
    <subfield code="u">http://mediaarchive.cern.ch/MediaArchive/Video/Public/Conferences/1991/CERN-VIDEO-C-108-K/CERN-VIDEO-C-108-K-0600-kbps-maxH-360-25-fps-audio-128-kbps-48-kHz-stereo.mp4</subfield>
    <subfield code="x">mp40600</subfield>
    <subfield code="y">0600 kbps maxH 360 25 fps audio 128 kbps 48 kHz stereo</subfield>
  </datafield>
  <datafield tag="856" ind1="7" ind2=" ">
    <subfield code="2">MediaArchive</subfield>
    <subfield code="u">http://mediaarchive.cern.ch/MediaArchive/Video/Public/Conferences/1991/CERN-VIDEO-C-108-K/CERN-VIDEO-C-108-K-0753-kbps-480x360-25-fps-audio-64-kbps-44-kHz-stereo.flv</subfield>
    <subfield code="x">flv0753</subfield>
    <subfield code="y">0753 kbps 480x360 25 fps audio 64 kbps 44 kHz stereo</subfield>
  </datafield>
  <datafield tag="856" ind1="7" ind2=" ">
    <subfield code="2">MediaArchive</subfield>
    <subfield code="u">http://mediaarchive.cern.ch/MediaArchive/Video/Public/Conferences/1991/CERN-VIDEO-C-108-K/CERN-VIDEO-C-108-K-0753-kbps-480x360-25-fps-audio-64-kbps-48-kHz-stereo.wmv</subfield>
    <subfield code="x">wmv0753</subfield>
    <subfield code="y">0753 kbps 480x360 25 fps audio 64 kbps 48 kHz stereo</subfield>
  </datafield>
  <datafield tag="856" ind1="7" ind2=" ">
    <subfield code="2">MediaArchive</subfield>
    <subfield code="u">http://mediaarchive.cern.ch/MediaArchive/Video/Public/Conferences/1991/CERN-VIDEO-C-108-K/CERN-VIDEO-C-108-K-posterframe-480x360-at-0-percent.jpg</subfield>
    <subfield code="x">jpgposterframe</subfield>
    <subfield code="y">posterframe 480x360 at 0 percent</subfield>
  </datafield>
  <datafield tag="856" ind1="7" ind2=" ">
    <subfield code="2">MediaArchive</subfield>
    <subfield code="u">http://mediaarchive.cern.ch/MediaArchive/Video/Public/Conferences/1991/CERN-VIDEO-C-108-K/CERN-VIDEO-C-108-K-posterframe-480x360-at-10-percent.jpg</subfield>
    <subfield code="x">jpgposterframe</subfield>
    <subfield code="y">posterframe 480x360 at 10 percent</subfield>
  </datafield>
  <datafield tag="856" ind1="7" ind2=" ">
    <subfield code="2">MediaArchive</subfield>
    <subfield code="u">http://mediaarchive.cern.ch/MediaArchive/Video/Public/Conferences/1991/CERN-VIDEO-C-108-K/CERN-VIDEO-C-108-K-posterframe-480x360-at-20-percent.jpg</subfield>
    <subfield code="x">jpgposterframe</subfield>
    <subfield code="y">posterframe 480x360 at 20 percent</subfield>
  </datafield>
  <datafield tag="856" ind1="7" ind2=" ">
    <subfield code="2">MediaArchive</subfield>
    <subfield code="u">http://mediaarchive.cern.ch/MediaArchive/Video/Public/Conferences/1991/CERN-VIDEO-C-108-K/CERN-VIDEO-C-108-K-posterframe-480x360-at-30-percent.jpg</subfield>
    <subfield code="x">jpgposterframe</subfield>
    <subfield code="y">posterframe 480x360 at 30 percent</subfield>
  </datafield>
  <datafield tag="856" ind1="7" ind2=" ">
    <subfield code="2">MediaArchive</subfield>
    <subfield code="u">http://mediaarchive.cern.ch/MediaArchive/Video/Public/Conferences/1991/CERN-VIDEO-C-108-K/CERN-VIDEO-C-108-K-posterframe-480x360-at-40-percent.jpg</subfield>
    <subfield code="x">jpgposterframe</subfield>
    <subfield code="y">posterframe 480x360 at 40 percent</subfield>
  </datafield>
  <datafield tag="856" ind1="7" ind2=" ">
    <subfield code="2">MediaArchive</subfield>
    <subfield code="u">http://mediaarchive.cern.ch/MediaArchive/Video/Public/Conferences/1991/CERN-VIDEO-C-108-K/CERN-VIDEO-C-108-K-posterframe-480x360-at-50-percent.jpg</subfield>
    <subfield code="x">jpgposterframe</subfield>
    <subfield code="y">posterframe 480x360 at 50 percent</subfield>
  </datafield>
  <datafield tag="856" ind1="7" ind2=" ">
    <subfield code="2">MediaArchive</subfield>
    <subfield code="u">http://mediaarchive.cern.ch/MediaArchive/Video/Public/Conferences/1991/CERN-VIDEO-C-108-K/CERN-VIDEO-C-108-K-posterframe-480x360-at-60-percent.jpg</subfield>
    <subfield code="x">jpgposterframe</subfield>
    <subfield code="y">posterframe 480x360 at 60 percent</subfield>
  </datafield>
  <datafield tag="856" ind1="7" ind2=" ">
    <subfield code="2">MediaArchive</subfield>
    <subfield code="u">http://mediaarchive.cern.ch/MediaArchive/Video/Public/Conferences/1991/CERN-VIDEO-C-108-K/CERN-VIDEO-C-108-K-posterframe-480x360-at-70-percent.jpg</subfield>
    <subfield code="x">jpgposterframe</subfield>
    <subfield code="y">posterframe 480x360 at 70 percent</subfield>
  </datafield>
  <datafield tag="856" ind1="7" ind2=" ">
    <subfield code="2">MediaArchive</subfield>
    <subfield code="u">http://mediaarchive.cern.ch/MediaArchive/Video/Public/Conferences/1991/CERN-VIDEO-C-108-K/CERN-VIDEO-C-108-K-posterframe-480x360-at-80-percent.jpg</subfield>
    <subfield code="x">jpgposterframe</subfield>
    <subfield code="y">posterframe 480x360 at 80 percent</subfield>
  </datafield>
  <datafield tag="856" ind1="7" ind2=" ">
    <subfield code="2">MediaArchive</subfield>
    <subfield code="u">http://mediaarchive.cern.ch/MediaArchive/Video/Public/Conferences/1991/CERN-VIDEO-C-108-K/CERN-VIDEO-C-108-K-posterframe-480x360-at-90-percent.jpg</subfield>
    <subfield code="x">jpgposterframe</subfield>
    <subfield code="y">posterframe 480x360 at 90 percent</subfield>
  </datafield>
  <datafield tag="856" ind1="7" ind2=" ">
    <subfield code="2">MediaArchive</subfield>
    <subfield code="u">http://mediaarchive.cern.ch/MediaArchive/Video/Public/Conferences/1991/CERN-VIDEO-C-108-K/CERN-VIDEO-C-108-K-thumbnail-180x135-at-05-percent.jpg</subfield>
    <subfield code="x">jpgthumbnail</subfield>
    <subfield code="y">thumbnail 180x135 at 05 percent</subfield>
  </datafield>
  <datafield tag="856" ind1="7" ind2=" ">
    <subfield code="2">MediaArchive</subfield>
    <subfield code="u">http://mediaarchive.cern.ch/MediaArchive/Video/Public/Conferences/1991/CERN-VIDEO-C-108-K/CERN-VIDEO-C-108-K-thumbnail-80x60-at-10-percent.jpg</subfield>
    <subfield code="x">jpgthumbnail</subfield>
    <subfield code="y">thumbnail 80x60 at 10 percent</subfield>
  </datafield>
  <datafield tag="856" ind1="7" ind2=" ">
    <subfield code="2">MediaArchive</subfield>
    <subfield code="u">http://mediaarchive.cern.ch/MediaArchive/Video/Public/Conferences/1991/CERN-VIDEO-C-108-K/CERN-VIDEO-C-108-K-thumbnail-80x60-at-20-percent.jpg</subfield>
    <subfield code="x">jpgthumbnail</subfield>
    <subfield code="y">thumbnail 80x60 at 20 percent</subfield>
  </datafield>
  <datafield tag="856" ind1="7" ind2=" ">
    <subfield code="2">MediaArchive</subfield>
    <subfield code="u">http://mediaarchive.cern.ch/MediaArchive/Video/Public/Conferences/1991/CERN-VIDEO-C-108-K/CERN-VIDEO-C-108-K-thumbnail-80x60-at-30-percent.jpg</subfield>
    <subfield code="x">jpgthumbnail</subfield>
    <subfield code="y">thumbnail 80x60 at 30 percent</subfield>
  </datafield>
  <datafield tag="856" ind1="7" ind2=" ">
    <subfield code="2">MediaArchive</subfield>
    <subfield code="u">http://mediaarchive.cern.ch/MediaArchive/Video/Public/Conferences/1991/CERN-VIDEO-C-108-K/CERN-VIDEO-C-108-K-thumbnail-80x60-at-40-percent.jpg</subfield>
    <subfield code="x">jpgthumbnail</subfield>
    <subfield code="y">thumbnail 80x60 at 40 percent</subfield>
  </datafield>
  <datafield tag="856" ind1="7" ind2=" ">
    <subfield code="2">MediaArchive</subfield>
    <subfield code="u">http://mediaarchive.cern.ch/MediaArchive/Video/Public/Conferences/1991/CERN-VIDEO-C-108-K/CERN-VIDEO-C-108-K-thumbnail-80x60-at-50-percent.jpg</subfield>
    <subfield code="x">jpgthumbnail</subfield>
    <subfield code="y">thumbnail 80x60 at 50 percent</subfield>
  </datafield>
  <datafield tag="856" ind1="7" ind2=" ">
    <subfield code="2">MediaArchive</subfield>
    <subfield code="u">http://mediaarchive.cern.ch/MediaArchive/Video/Public/Conferences/1991/CERN-VIDEO-C-108-K/CERN-VIDEO-C-108-K-thumbnail-80x60-at-60-percent.jpg</subfield>
    <subfield code="x">jpgthumbnail</subfield>
    <subfield code="y">thumbnail 80x60 at 60 percent</subfield>
  </datafield>
  <datafield tag="856" ind1="7" ind2=" ">
    <subfield code="2">MediaArchive</subfield>
    <subfield code="u">http://mediaarchive.cern.ch/MediaArchive/Video/Public/Conferences/1991/CERN-VIDEO-C-108-K/CERN-VIDEO-C-108-K-thumbnail-80x60-at-70-percent.jpg</subfield>
    <subfield code="x">jpgthumbnail</subfield>
    <subfield code="y">thumbnail 80x60 at 70 percent</subfield>
  </datafield>
  <datafield tag="856" ind1="7" ind2=" ">
    <subfield code="2">MediaArchive</subfield>
    <subfield code="u">http://mediaarchive.cern.ch/MediaArchive/Video/Public/Conferences/1991/CERN-VIDEO-C-108-K/CERN-VIDEO-C-108-K-thumbnail-80x60-at-80-percent.jpg</subfield>
    <subfield code="x">jpgthumbnail</subfield>
    <subfield code="y">thumbnail 80x60 at 80 percent</subfield>
  </datafield>
  <datafield tag="856" ind1="7" ind2=" ">
    <subfield code="2">MediaArchive</subfield>
    <subfield code="u">http://mediaarchive.cern.ch/MediaArchive/Video/Public/Conferences/1991/CERN-VIDEO-C-108-K/CERN-VIDEO-C-108-K-thumbnail-80x60-at-90-percent.jpg</subfield>
    <subfield code="x">jpgthumbnail</subfield>
    <subfield code="y">thumbnail 80x60 at 90 percent</subfield>
  </datafield>
  <datafield tag="856" ind1="4" ind2=" ">
    <subfield code="2">EOS</subfield>
    <subfield code="q">MP4</subfield>
    <subfield code="u">https://cern.ch/digital-memory/media-archive/video/open/mp4/423042.mp4</subfield>
    <subfield code="s">555738308</subfield>
    <subfield code="y">Video-423042</subfield>
    <subfield code="z">mp4 video format (640x360)</subfield>
    <subfield code="w">(PICTURAE:MD5)ac_C1V1_423042.mp4;8641f2fc736a507c1c2317e14f9ba4f7</subfield>
  </datafield>
  <datafield tag="856" ind1="7" ind2=" ">
    <subfield code="2">EOS</subfield>
    <subfield code="q">MKV</subfield>
    <subfield code="d">/eos/media/cds/public/www/digital-memory/media-archive/video/open/mkv/423042.mkv</subfield>
    <subfield code="s">42898704568</subfield>
    <subfield code="w">(PICTURAE:MD5)pm_C1V1_423042.mkv;b5cc6444bd97d35c285d786441c5f10c</subfield>
  </datafield>
  <datafield tag="856" ind1="7" ind2=" ">
    <subfield code="2">EOS</subfield>
    <subfield code="q">MOV</subfield>
    <subfield code="d">/eos/media/cds/public/www/digital-memory/media-archive/video/open/mov/423042.mov</subfield>
    <subfield code="s">13767193860</subfield>
    <subfield code="w">(PICTURAE:MD5)am_C1V1_423042.mov;0064dc7918b6b3ef8f0ce03aaf31a1aa</subfield>
  </datafield>
  <datafield tag="916" ind1=" " ind2=" ">
    <subfield code="s">n</subfield>
    <subfield code="w">199300</subfield>
  </datafield>
  <datafield tag="961" ind1=" " ind2=" ">
    <subfield code="c">20100226</subfield>
    <subfield code="h">2004</subfield>
    <subfield code="l">CER01</subfield>
    <subfield code="x">20000124</subfield>
  </datafield>
  <datafield tag="962" ind1=" " ind2=" ">
    <subfield code="b">238397</subfield>
    <subfield code="n">geneva910725.2</subfield>
  </datafield>
  <datafield tag="963" ind1=" " ind2=" ">
    <subfield code="a">PUBLIC</subfield>
  </datafield>
  <datafield tag="963" ind1=" " ind2=" ">
    <subfield code="9">review</subfield>
    <subfield code="a">PUBLIC</subfield>
  </datafield>
  <datafield tag="970" ind1=" " ind2=" ">
    <subfield code="a">002171005CER</subfield>
  </datafield>
  <datafield tag="980" ind1=" " ind2=" ">
    <subfield code="a">VIDEOARC</subfield>
  </datafield>
  <datafield tag="980" ind1=" " ind2=" ">
    <subfield code="a">Indico</subfield>
    <subfield code="b">CR</subfield>
  </datafield>
</record>