
</collection>
<collection xmlns="http://www.loc.gov/MARC21/slim">
<record>
  <controlfield tag="001">422552</controlfield>
  <controlfield tag="003">SzGeCERN</controlfield>
  <controlfield tag="005">20221102232907.0</controlfield>
  <datafield tag="024" ind1="8" ind2=" ">
    <subfield code="a">oai:cds.cern.ch:422552</subfield>
    <subfield code="p">cerncds:TALK</subfield>
    <subfield code="p">cerncds:MEMORIAV</subfield>
  </datafield>
  <datafield tag="035" ind1=" " ind2=" ">
    <subfield code="a">2170372CERCER</subfield>
  </datafield>
  <datafield tag="041" ind1=" " ind2=" ">
    <subfield code="9">review</subfield>
    <subfield code="a">eng</subfield>
  </datafield>
  <datafield tag="088" ind1=" " ind2=" ">
    <subfield code="9">CERN-VIDEO-C-1-A</subfield>
  </datafield>
  <datafield tag="088" ind1=" " ind2=" ">
    <subfield code="9">CERN-VIDEO-C-1-B</subfield>
  </datafield>
  <datafield tag="110" ind1=" " ind2=" ">
    <subfield code="a">CERN. Geneva</subfield>
  </datafield>
  <datafield tag="245" ind1=" " ind2=" ">
    <subfield code="a">WIM KLEIN's Farewell Show</subfield>
  </datafield>
  <datafield tag="260" ind1=" " ind2=" ">
    <subfield code="a">Geneva</subfield>
    <subfield code="b">CERN</subfield>
    <subfield code="c">1976</subfield>
  </datafield>
  <datafield tag="260" ind1=" " ind2=" ">
    <subfield code="9">review</subfield>
    <subfield code="c">1976        1979</subfield>
  </datafield>
  <datafield tag="269" ind1=" " ind2=" ">
    <subfield code="c">1976-12-10</subfield>
  </datafield>
  <datafield tag="300" ind1=" " ind2=" ">
    <subfield code="a">1 VHS video ; 46:24</subfield>
    <subfield code="b">720x576 4/3, 25</subfield>
  </datafield>
  <datafield tag="300" ind1=" " ind2=" ">
    <subfield code="2">CERN-VIDEO-C-1-B</subfield>
    <subfield code="8">B</subfield>
    <subfield code="a">00:45:54:00</subfield>
    <subfield code="b">720x576 4/3, 25</subfield>
  </datafield>
  <datafield tag="300" ind1=" " ind2=" ">
    <subfield code="2">CERN-VIDEO-C-1-A</subfield>
    <subfield code="8">A</subfield>
    <subfield code="a">00:56:43:00</subfield>
    <subfield code="b">720x576 4/3, 25</subfield>
  </datafield>
  <datafield tag="337" ind1=" " ind2=" ">
    <subfield code="a">Video</subfield>
  </datafield>
  <datafield tag="340" ind1=" " ind2=" ">
    <subfield code="8">A</subfield>
    <subfield code="a">D3</subfield>
    <subfield code="j">Master</subfield>
    <subfield code="k">19761210</subfield>
  </datafield>
  <datafield tag="340" ind1=" " ind2=" ">
    <subfield code="8">B</subfield>
    <subfield code="a">D3</subfield>
    <subfield code="j">Master</subfield>
    <subfield code="k">19761210</subfield>
  </datafield>
  <datafield tag="490" ind1=" " ind2=" ">
    <subfield code="a">CERN Miscellaneous Lectures</subfield>
  </datafield>
  <datafield tag="500" ind1=" " ind2=" ">
    <subfield code="a">VHS not held by the CERN library</subfield>
  </datafield>
  <datafield tag="500" ind1=" " ind2=" ">
    <subfield code="a">The video was digitized from its original recording as part of the CERN Digital Memory project</subfield>
  </datafield>
  <datafield tag="511" ind1="1" ind2=" ">
    <subfield code="9">review</subfield>
    <subfield code="8">a</subfield>
    <subfield code="a">Wim Klein</subfield>
  </datafield>
  <datafield tag="511" ind1="1" ind2=" ">
    <subfield code="9">review</subfield>
    <subfield code="8">b</subfield>
    <subfield code="a">Wim Klein</subfield>
  </datafield>
  <datafield tag="514" ind1=" " ind2=" ">
    <subfield code="a">Low RF, noisy picture -  </subfield>
  </datafield>
  <datafield tag="514" ind1=" " ind2=" ">
    <subfield code="a">Binding issue - Sticky -  High frequency interference pattern -  Low RF, noisy picture -  </subfield>
  </datafield>
  <datafield tag="518" ind1=" " ind2=" ">
    <subfield code="a">CERN, Geneva, 10 Dec 1976</subfield>
  </datafield>
  <datafield tag="520" ind1=" " ind2=" ">
    <subfield code="a">After having worked many years at CERN, Wim KLEIN makes a last demonstration of his amazing talent for mental</subfield>
  </datafield>
  <datafield tag="520" ind1=" " ind2=" ">
    <subfield code="9">review</subfield>
    <subfield code="8">a</subfield>
    <subfield code="a">Wim Klein's performance for CERN's 25th anniversary</subfield>
  </datafield>
  <datafield tag="542" ind1=" " ind2=" ">
    <subfield code="d">CERN</subfield>
    <subfield code="g">1976</subfield>
  </datafield>
  <datafield tag="542" ind1="1" ind2=" ">
    <subfield code="g">1976        1979</subfield>
    <subfield code="9">review</subfield>
    <subfield code="d">CERN</subfield>
  </datafield>
  <datafield tag="583" ind1="1" ind2=" ">
    <subfield code="i">CREATE-MARC-run20180620_1025</subfield>
    <subfield code="a">digitized</subfield>
    <subfield code="2">pda</subfield>
    <subfield code="f">CERN Digital Memory Project</subfield>
    <subfield code="k">PICTURAE</subfield>
    <subfield code="u">https://cds.cern.ch/record/2257246</subfield>
    <subfield code="5">SzGeCERN</subfield>
    <subfield code="6">WEEK50-public</subfield>
    <subfield code="b">C1V1: Composite\tSignal - U-Matic,\xc2\xa0U-Matic SP,\xc2\xa0VHS, 1 inch C, 1 inch B, Video , Betamax </subfield>
    <subfield code="8">a</subfield>
    <subfield code="3"> U-Matic </subfield>
    <subfield code="f">public</subfield>
    <subfield code="z">
 - VISUAL INSPECTION TABLE of U-Matic () true  - 
 - RTI VT 3100 of U-Matic () true  - 
 - MAC-V021 of U-Matic () true Low RF, noisy picture - 
 - MANUAL QC GEN of U-Matic () true  - 
 - MANUAL QC GEN of U-Matic () true  - 
 - FILE_PRESENCE of U-Matic () true  - 
      </subfield>
    <subfield code="x">
 - VISUAL INSPECTION TABLE timing: from 10/10/2017 14:04 to 10/10/2017 14:04 -
 - RTI VT 3100 timing: from 10/10/2017 14:05 to 10/10/2017 14:05 -
 - MAC-V021 timing: from 13/10/2017 12:50 to 13/10/2017 13:34 -
 - MANUAL QC GEN timing: from 13/10/2017 13:34 to 13/10/2017 13:34 -
 - MANUAL QC GEN timing: from 13/10/2017 23:49 to 13/10/2017 23:49 -
 - FILE_PRESENCE timing: from 13/10/2017 23:49 to 13/10/2017 23:49 -
       </subfield>
    <subfield code="c">20171013</subfield>
  </datafield>
  <datafield tag="583" ind1="1" ind2=" ">
    <subfield code="i">CREATE-MARC-run20180620_1025</subfield>
    <subfield code="a">digitized</subfield>
    <subfield code="2">pda</subfield>
    <subfield code="f">CERN Digital Memory Project</subfield>
    <subfield code="k">PICTURAE</subfield>
    <subfield code="u">https://cds.cern.ch/record/2257246</subfield>
    <subfield code="5">SzGeCERN</subfield>
    <subfield code="6">WEEK50-public</subfield>
    <subfield code="b">C1V1: Composite\tSignal - U-Matic,\xc2\xa0U-Matic SP,\xc2\xa0VHS, 1 inch C, 1 inch B, Video , Betamax </subfield>
    <subfield code="8">b</subfield>
    <subfield code="3"> U-Matic </subfield>
    <subfield code="f">public</subfield>
    <subfield code="z">
 - VISUAL INSPECTION TABLE of U-Matic () true  - 
 - RTI VT 3100 of U-Matic () true  - 
 - MAC-V022 of U-Matic () true Low RF, noisy picture - 
 - MANUAL QC GEN of U-Matic () true  - 
 - FILE_PRESENCE of U-Matic () true  - 
 - MAC-V023 of U-Matic () false Binding issue - Sticky - 
 - MANUAL QC GEN of U-Matic () true  - 
 - FILE_PRESENCE of U-Matic () true  - 
 - OVEN of U-Matic () true  - 
 - RTI VT 3100 of U-Matic () true  - 
 - MAC-V025 of U-Matic () true Low RF, noisy picture | High frequency interference pattern - 
 - MANUAL QC GEN of U-Matic () true  - 
 - FILE_PRESENCE of U-Matic () true  - 
      </subfield>
    <subfield code="x">
 - VISUAL INSPECTION TABLE timing: from 16/10/2017 14:44 to 16/10/2017 14:44 -
 - RTI VT 3100 timing: from 16/10/2017 14:45 to 16/10/2017 15:17 -
 - MAC-V022 timing: from 16/10/2017 15:17 to 16/10/2017 16:56 -
 - MANUAL QC GEN timing: from 17/10/2017 01:53 to 17/10/2017 01:53 -
 - FILE_PRESENCE timing: from 17/10/2017 01:53 to 17/10/2017 01:53 -
 - MAC-V023 timing: from 19/10/2017 10:16 to 19/10/2017 10:16 -
 - MANUAL QC GEN timing: from 19/10/2017 21:16 to 19/10/2017 21:16 -
 - FILE_PRESENCE timing: from 19/10/2017 21:16 to 19/10/2017 21:16 -
 - OVEN timing: from 20/10/2017 15:30 to 23/10/2017 14:53 -
 - RTI VT 3100 timing: from 23/10/2017 14:53 to 23/10/2017 15:16 -
 - MAC-V025 timing: from 24/10/2017 11:16 to 24/10/2017 12:22 -
 - MANUAL QC GEN timing: from 25/10/2017 00:06 to 25/10/2017 00:06 -
 - FILE_PRESENCE timing: from 25/10/2017 00:06 to 25/10/2017 00:06 -
       </subfield>
    <subfield code="c">20171025</subfield>
  </datafield>
  <datafield tag="590" ind1=" " ind2=" ">
    <subfield code="9">review</subfield>
    <subfield code="8">a</subfield>
    <subfield code="a">La performance de Wim Klein pour le 25e anniversaire du CERN</subfield>
  </datafield>
  <datafield tag="594" ind1=" " ind2=" ">
    <subfield code="9">review</subfield>
    <subfield code="a">Movie</subfield>
  </datafield>
  <datafield tag="595" ind1=" " ind2=" ">
    <subfield code="a">SIS AUDIO2000</subfield>
  </datafield>
  <datafield tag="595" ind1=" " ind2=" ">
    <subfield code="a">VIDEO-MF</subfield>
  </datafield>
  <datafield tag="650" ind1="1" ind2="7">
    <subfield code="2">SzGeCERN</subfield>
    <subfield code="a">Mathematical Physics and Mathematics</subfield>
  </datafield>
  <datafield tag="650" ind1="2" ind2="7">
    <subfield code="9">review</subfield>
    <subfield code="a">Portraits of science</subfield>
  </datafield>
  <datafield tag="653" ind1="1" ind2=" ">
    <subfield code="9">review</subfield>
    <subfield code="8">a</subfield>
    <subfield code="a">anniversary</subfield>
  </datafield>
  <datafield tag="653" ind1="1" ind2=" ">
    <subfield code="9">review</subfield>
    <subfield code="8">a</subfield>
    <subfield code="a">greetings</subfield>
  </datafield>
  <datafield tag="653" ind1="1" ind2=" ">
    <subfield code="9">review</subfield>
    <subfield code="8">a</subfield>
    <subfield code="a">Wim Klein</subfield>
  </datafield>
  <datafield tag="653" ind1="1" ind2=" ">
    <subfield code="9">review</subfield>
    <subfield code="8">a</subfield>
    <subfield code="a">computing</subfield>
  </datafield>
  <datafield tag="690" ind1="C" ind2=" ">
    <subfield code="a">CERN</subfield>
  </datafield>
  <datafield tag="690" ind1="C" ind2=" ">
    <subfield code="a">TALK</subfield>
  </datafield>
  <datafield tag="690" ind1="C" ind2=" ">
    <subfield code="a">movingimages</subfield>
  </datafield>
  <datafield tag="690" ind1="C" ind2=" ">
    <subfield code="9">CERN QA</subfield>
    <subfield code="a">quality-controlled</subfield>
  </datafield>
  <datafield tag="690" ind1="C" ind2=" ">
    <subfield code="9">review</subfield>
    <subfield code="a">reviewed</subfield>
  </datafield>
  <datafield tag="700" ind1=" " ind2=" ">
    <subfield code="a">Klein, W</subfield>
    <subfield code="e">speaker</subfield>
  </datafield>
  <datafield tag="710" ind1=" " ind2=" ">
    <subfield code="5">EP</subfield>
  </datafield>
  <datafield tag="773" ind1=" " ind2=" ">
    <subfield code="p">Centenary of the birth of Wim Klein, CERN's first computer by Cian O\'Luanaigh</subfield>
    <subfield code="u">http://home.web.cern.ch/about/updates/2012/12/centenary-birth-wim-klein-cerns-first-computer</subfield>
  </datafield>
  <datafield tag="773" ind1=" " ind2=" ">
    <subfield code="p">Remembering Wim Klein by Frans Cerulus</subfield>
    <subfield code="u">http://home.web.cern.ch/cern-people/updates/2012/12/remembering-wim-klein</subfield>
  </datafield>
  <datafield tag="852" ind1=" " ind2=" ">
    <subfield code="9">Part I</subfield>
    <subfield code="a">510-R-036</subfield>
    <subfield code="c">CM-A00000017</subfield>
    <subfield code="x">U-matic</subfield>
  </datafield>
  <datafield tag="852" ind1=" " ind2=" ">
    <subfield code="9">Part II</subfield>
    <subfield code="a">510-R-036</subfield>
    <subfield code="c">CM-A00000011</subfield>
    <subfield code="x">U-matic</subfield>
  </datafield>
  <datafield tag="852" ind1=" " ind2=" ">
    <subfield code="8">A</subfield>
    <subfield code="a">500</subfield>
    <subfield code="c">CM-A00000327</subfield>
  </datafield>
  <datafield tag="852" ind1=" " ind2=" ">
    <subfield code="8">B</subfield>
    <subfield code="a">500</subfield>
    <subfield code="c">CM-A00000327</subfield>
  </datafield>
  <datafield tag="856" ind1="7" ind2=" ">
    <subfield code="2">MediaArchive</subfield>
    <subfield code="d">\\\\cern.ch\\dfs\\Services\\MediaArchive\\Video\\Masters\\Conferences\\1976\\CERN-VIDEO-C-1-B.avi</subfield>
    <subfield code="x">Absolute master path</subfield>
  </datafield>
  <datafield tag="856" ind1="7" ind2=" ">
    <subfield code="2">MediaArchive</subfield>
    <subfield code="u">http://mediaarchive.cern.ch/MediaArchive/Video/Public/Conferences/1976/CERN-VIDEO-C-1-B/CERN-VIDEO-C-1-B-0120-kbps-384x288-12.5-fps-audio-20-kbps-22-kHz-mono.wmv</subfield>
    <subfield code="x">wmv0120</subfield>
    <subfield code="y">0120 kbps 384x288 12.5 fps audio 20 kbps 22 kHz mono</subfield>
  </datafield>
  <datafield tag="856" ind1="7" ind2=" ">
    <subfield code="2">MediaArchive</subfield>
    <subfield code="u">http://mediaarchive.cern.ch/MediaArchive/Video/Public/Conferences/1976/CERN-VIDEO-C-1-B/CERN-VIDEO-C-1-B-0200-kbps-vbr-peak-256-kbps-480x360-25-fps-audio-20-kbps-22-kHz-mono.wmv</subfield>
    <subfield code="x">wmv0200</subfield>
    <subfield code="y">0200 kbps vbr peak 256 kbps 480x360 25 fps audio 20 kbps 22 kHz mono</subfield>
  </datafield>
  <datafield tag="856" ind1="7" ind2=" ">
    <subfield code="2">MediaArchive</subfield>
    <subfield code="u">http://mediaarchive.cern.ch/MediaArchive/Video/Public/Conferences/1976/CERN-VIDEO-C-1-B/CERN-VIDEO-C-1-B-0480-kbps-384x288-25-fps-audio-128-kbps-48-kHz-stereo.wmv</subfield>
    <subfield code="x">wmv0480</subfield>
    <subfield code="y">0480 kbps 384x288 25 fps audio 128 kbps 48 kHz stereo</subfield>
  </datafield>
  <datafield tag="856" ind1="7" ind2=" ">
    <subfield code="2">MediaArchive</subfield>
    <subfield code="u">http://mediaarchive.cern.ch/MediaArchive/Video/Public/Conferences/1976/CERN-VIDEO-C-1-B/CERN-VIDEO-C-1-B-0600-kbps-384x288-25-fps-audio-128-kbps-44-kHz-stereo.flv</subfield>
    <subfield code="x">flv0600</subfield>
    <subfield code="y">0600 kbps 384x288 25 fps audio 128 kbps 44 kHz stereo</subfield>
  </datafield>
  <datafield tag="856" ind1="7" ind2=" ">
    <subfield code="2">MediaArchive</subfield>
    <subfield code="u">http://mediaarchive.cern.ch/MediaArchive/Video/Public/Conferences/1976/CERN-VIDEO-C-1-B/CERN-VIDEO-C-1-B-0600-kbps-maxH-360-25-fps-audio-128-kbps-48-kHz-stereo.mp4</subfield>
    <subfield code="x">mp40600</subfield>
    <subfield code="y">0600 kbps maxH 360 25 fps audio 128 kbps 48 kHz stereo</subfield>
  </datafield>
  <datafield tag="856" ind1="7" ind2=" ">
    <subfield code="2">MediaArchive</subfield>
    <subfield code="u">http://mediaarchive.cern.ch/MediaArchive/Video/Public/Conferences/1976/CERN-VIDEO-C-1-B/CERN-VIDEO-C-1-B-0753-kbps-480x360-25-fps-audio-64-kbps-44-kHz-stereo.flv</subfield>
    <subfield code="x">flv0753</subfield>
    <subfield code="y">0753 kbps 480x360 25 fps audio 64 kbps 44 kHz stereo</subfield>
  </datafield>
  <datafield tag="856" ind1="7" ind2=" ">
    <subfield code="2">MediaArchive</subfield>
    <subfield code="u">http://mediaarchive.cern.ch/MediaArchive/Video/Public/Conferences/1976/CERN-VIDEO-C-1-B/CERN-VIDEO-C-1-B-0753-kbps-480x360-25-fps-audio-64-kbps-48-kHz-stereo.wmv</subfield>
    <subfield code="x">wmv0753</subfield>
    <subfield code="y">0753 kbps 480x360 25 fps audio 64 kbps 48 kHz stereo</subfield>
  </datafield>
  <datafield tag="856" ind1="7" ind2=" ">
    <subfield code="2">MediaArchive</subfield>
    <subfield code="u">http://mediaarchive.cern.ch/MediaArchive/Video/Public/Conferences/1976/CERN-VIDEO-C-1-B/CERN-VIDEO-C-1-B-1000-kbps-384x288-25-fps-audio-160kbps-48-kHz-stereo.wmv</subfield>
    <subfield code="x">wmv1000</subfield>
    <subfield code="y">1000 kbps 384x288 25 fps audio 160kbps 48 kHz stereo</subfield>
  </datafield>
  <datafield tag="856" ind1="7" ind2=" ">
    <subfield code="2">MediaArchive</subfield>
    <subfield code="u">http://mediaarchive.cern.ch/MediaArchive/Video/Public/Conferences/1976/CERN-VIDEO-C-1-B/CERN-VIDEO-C-1-B-Multirate-120-to-1000-kbps-384x288.wmv</subfield>
    <subfield code="x">wmvMultirate</subfield>
    <subfield code="y">Multirate 120 to 1000 kbps 384x288</subfield>
  </datafield>
  <datafield tag="856" ind1="7" ind2=" ">
    <subfield code="2">MediaArchive</subfield>
    <subfield code="u">http://mediaarchive.cern.ch/MediaArchive/Video/Public/Conferences/1976/CERN-VIDEO-C-1-B/CERN-VIDEO-C-1-B-Multirate-200-to-753-kbps-480x360.wmv</subfield>
    <subfield code="x">wmvMultirate</subfield>
    <subfield code="y">Multirate 200 to 753 kbps 480x360</subfield>
  </datafield>
  <datafield tag="856" ind1="7" ind2=" ">
    <subfield code="2">MediaArchive</subfield>
    <subfield code="u">http://mediaarchive.cern.ch/MediaArchive/Video/Public/Conferences/1976/CERN-VIDEO-C-1-B/CERN-VIDEO-C-1-B-posterframe-384x288-at-10-percent.jpg</subfield>
    <subfield code="x">jpgposterframe</subfield>
    <subfield code="y">posterframe 384x288 at 10 percent</subfield>
  </datafield>
  <datafield tag="856" ind1="7" ind2=" ">
    <subfield code="2">MediaArchive</subfield>
    <subfield code="u">http://mediaarchive.cern.ch/MediaArchive/Video/Public/Conferences/1976/CERN-VIDEO-C-1-B/CERN-VIDEO-C-1-B-posterframe-384x288-at-20-percent.jpg</subfield>
    <subfield code="x">jpgposterframe</subfield>
    <subfield code="y">posterframe 384x288 at 20 percent</subfield>
  </datafield>
  <datafield tag="856" ind1="7" ind2=" ">
    <subfield code="2">MediaArchive</subfield>
    <subfield code="u">http://mediaarchive.cern.ch/MediaArchive/Video/Public/Conferences/1976/CERN-VIDEO-C-1-B/CERN-VIDEO-C-1-B-posterframe-384x288-at-30-percent.jpg</subfield>
    <subfield code="x">jpgposterframe</subfield>
    <subfield code="y">posterframe 384x288 at 30 percent</subfield>
  </datafield>
  <datafield tag="856" ind1="7" ind2=" ">
    <subfield code="2">MediaArchive</subfield>
    <subfield code="u">http://mediaarchive.cern.ch/MediaArchive/Video/Public/Conferences/1976/CERN-VIDEO-C-1-B/CERN-VIDEO-C-1-B-posterframe-384x288-at-40-percent.jpg</subfield>
    <subfield code="x">jpgposterframe</subfield>
    <subfield code="y">posterframe 384x288 at 40 percent</subfield>
  </datafield>
  <datafield tag="856" ind1="7" ind2=" ">
    <subfield code="2">MediaArchive</subfield>
    <subfield code="u">http://mediaarchive.cern.ch/MediaArchive/Video/Public/Conferences/1976/CERN-VIDEO-C-1-B/CERN-VIDEO-C-1-B-posterframe-384x288-at-50-percent.jpg</subfield>
    <subfield code="x">jpgposterframe</subfield>
    <subfield code="y">posterframe 384x288 at 50 percent</subfield>
  </datafield>
  <datafield tag="856" ind1="7" ind2=" ">
    <subfield code="2">MediaArchive</subfield>
    <subfield code="u">http://mediaarchive.cern.ch/MediaArchive/Video/Public/Conferences/1976/CERN-VIDEO-C-1-B/CERN-VIDEO-C-1-B-posterframe-384x288-at-60-percent.jpg</subfield>
    <subfield code="x">jpgposterframe</subfield>
    <subfield code="y">posterframe 384x288 at 60 percent</subfield>
  </datafield>
  <datafield tag="856" ind1="7" ind2=" ">
    <subfield code="2">MediaArchive</subfield>
    <subfield code="u">http://mediaarchive.cern.ch/MediaArchive/Video/Public/Conferences/1976/CERN-VIDEO-C-1-B/CERN-VIDEO-C-1-B-posterframe-384x288-at-70-percent.jpg</subfield>
    <subfield code="x">jpgposterframe</subfield>
    <subfield code="y">posterframe 384x288 at 70 percent</subfield>
  </datafield>
  <datafield tag="856" ind1="7" ind2=" ">
    <subfield code="2">MediaArchive</subfield>
    <subfield code="u">http://mediaarchive.cern.ch/MediaArchive/Video/Public/Conferences/1976/CERN-VIDEO-C-1-B/CERN-VIDEO-C-1-B-posterframe-384x288-at-80-percent.jpg</subfield>
    <subfield code="x">jpgposterframe</subfield>
    <subfield code="y">posterframe 384x288 at 80 percent</subfield>
  </datafield>
  <datafield tag="856" ind1="7" ind2=" ">
    <subfield code="2">MediaArchive</subfield>
    <subfield code="u">http://mediaarchive.cern.ch/MediaArchive/Video/Public/Conferences/1976/CERN-VIDEO-C-1-B/CERN-VIDEO-C-1-B-posterframe-384x288-at-90-percent.jpg</subfield>
    <subfield code="x">jpgposterframe</subfield>
    <subfield code="y">posterframe 384x288 at 90 percent</subfield>
  </datafield>
  <datafield tag="856" ind1="7" ind2=" ">
    <subfield code="2">MediaArchive</subfield>
    <subfield code="u">http://mediaarchive.cern.ch/MediaArchive/Video/Public/Conferences/1976/CERN-VIDEO-C-1-B/CERN-VIDEO-C-1-B-posterframe-480x360-at-0-percent.jpg</subfield>
    <subfield code="x">jpgposterframe</subfield>
    <subfield code="y">posterframe 480x360 at 0 percent</subfield>
  </datafield>
  <datafield tag="856" ind1="7" ind2=" ">
    <subfield code="2">MediaArchive</subfield>
    <subfield code="u">http://mediaarchive.cern.ch/MediaArchive/Video/Public/Conferences/1976/CERN-VIDEO-C-1-B/CERN-VIDEO-C-1-B-posterframe-480x360-at-10-percent.jpg</subfield>
    <subfield code="x">jpgposterframe</subfield>
    <subfield code="y">posterframe 480x360 at 10 percent</subfield>
  </datafield>
  <datafield tag="856" ind1="7" ind2=" ">
    <subfield code="2">MediaArchive</subfield>
    <subfield code="u">http://mediaarchive.cern.ch/MediaArchive/Video/Public/Conferences/1976/CERN-VIDEO-C-1-B/CERN-VIDEO-C-1-B-posterframe-480x360-at-20-percent.jpg</subfield>
    <subfield code="x">jpgposterframe</subfield>
    <subfield code="y">posterframe 480x360 at 20 percent</subfield>
  </datafield>
  <datafield tag="856" ind1="7" ind2=" ">
    <subfield code="2">MediaArchive</subfield>
    <subfield code="u">http://mediaarchive.cern.ch/MediaArchive/Video/Public/Conferences/1976/CERN-VIDEO-C-1-B/CERN-VIDEO-C-1-B-posterframe-480x360-at-30-percent.jpg</subfield>
    <subfield code="x">jpgposterframe</subfield>
    <subfield code="y">posterframe 480x360 at 30 percent</subfield>
  </datafield>
  <datafield tag="856" ind1="7" ind2=" ">
    <subfield code="2">MediaArchive</subfield>
    <subfield code="u">http://mediaarchive.cern.ch/MediaArchive/Video/Public/Conferences/1976/CERN-VIDEO-C-1-B/CERN-VIDEO-C-1-B-posterframe-480x360-at-40-percent.jpg</subfield>
    <subfield code="x">jpgposterframe</subfield>
    <subfield code="y">posterframe 480x360 at 40 percent</subfield>
  </datafield>
  <datafield tag="856" ind1="7" ind2=" ">
    <subfield code="2">MediaArchive</subfield>
    <subfield code="u">http://mediaarchive.cern.ch/MediaArchive/Video/Public/Conferences/1976/CERN-VIDEO-C-1-B/CERN-VIDEO-C-1-B-posterframe-480x360-at-50-percent.jpg</subfield>
    <subfield code="x">jpgposterframe</subfield>
    <subfield code="y">posterframe 480x360 at 50 percent</subfield>
  </datafield>
  <datafield tag="856" ind1="7" ind2=" ">
    <subfield code="2">MediaArchive</subfield>
    <subfield code="u">http://mediaarchive.cern.ch/MediaArchive/Video/Public/Conferences/1976/CERN-VIDEO-C-1-B/CERN-VIDEO-C-1-B-posterframe-480x360-at-60-percent.jpg</subfield>
    <subfield code="x">jpgposterframe</subfield>
    <subfield code="y">posterframe 480x360 at 60 percent</subfield>
  </datafield>
  <datafield tag="856" ind1="7" ind2=" ">
    <subfield code="2">MediaArchive</subfield>
    <subfield code="u">http://mediaarchive.cern.ch/MediaArchive/Video/Public/Conferences/1976/CERN-VIDEO-C-1-B/CERN-VIDEO-C-1-B-posterframe-480x360-at-70-percent.jpg</subfield>
    <subfield code="x">jpgposterframe</subfield>
    <subfield code="y">posterframe 480x360 at 70 percent</subfield>
  </datafield>
  <datafield tag="856" ind1="7" ind2=" ">
    <subfield code="2">MediaArchive</subfield>
    <subfield code="u">http://mediaarchive.cern.ch/MediaArchive/Video/Public/Conferences/1976/CERN-VIDEO-C-1-B/CERN-VIDEO-C-1-B-posterframe-480x360-at-80-percent.jpg</subfield>
    <subfield code="x">jpgposterframe</subfield>
    <subfield code="y">posterframe 480x360 at 80 percent</subfield>
  </datafield>
  <datafield tag="856" ind1="7" ind2=" ">
    <subfield code="2">MediaArchive</subfield>
    <subfield code="u">http://mediaarchive.cern.ch/MediaArchive/Video/Public/Conferences/1976/CERN-VIDEO-C-1-B/CERN-VIDEO-C-1-B-posterframe-480x360-at-90-percent.jpg</subfield>
    <subfield code="x">jpgposterframe</subfield>
    <subfield code="y">posterframe 480x360 at 90 percent</subfield>
  </datafield>
  <datafield tag="856" ind1="7" ind2=" ">
    <subfield code="2">MediaArchive</subfield>
    <subfield code="u">http://mediaarchive.cern.ch/MediaArchive/Video/Public/Conferences/1976/CERN-VIDEO-C-1-B/CERN-VIDEO-C-1-B-thumbnail-180x135-at-05-percent.jpg</subfield>
    <subfield code="x">jpgthumbnail</subfield>
    <subfield code="y">thumbnail 180x135 at 05 percent</subfield>
  </datafield>
  <datafield tag="856" ind1="7" ind2=" ">
    <subfield code="2">MediaArchive</subfield>
    <subfield code="u">http://mediaarchive.cern.ch/MediaArchive/Video/Public/Conferences/1976/CERN-VIDEO-C-1-B/CERN-VIDEO-C-1-B-thumbnail-180x135-at-10-percent.jpg</subfield>
    <subfield code="x">jpgthumbnail</subfield>
    <subfield code="y">thumbnail 180x135 at 10 percent</subfield>
  </datafield>
  <datafield tag="856" ind1="7" ind2=" ">
    <subfield code="2">MediaArchive</subfield>
    <subfield code="u">http://mediaarchive.cern.ch/MediaArchive/Video/Public/Conferences/1976/CERN-VIDEO-C-1-B/CERN-VIDEO-C-1-B-thumbnail-180x135-at-20-percent.jpg</subfield>
    <subfield code="x">jpgthumbnail</subfield>
    <subfield code="y">thumbnail 180x135 at 20 percent</subfield>
  </datafield>
  <datafield tag="856" ind1="7" ind2=" ">
    <subfield code="2">MediaArchive</subfield>
    <subfield code="u">http://mediaarchive.cern.ch/MediaArchive/Video/Public/Conferences/1976/CERN-VIDEO-C-1-B/CERN-VIDEO-C-1-B-thumbnail-180x135-at-30-percent.jpg</subfield>
    <subfield code="x">jpgthumbnail</subfield>
    <subfield code="y">thumbnail 180x135 at 30 percent</subfield>
  </datafield>
  <datafield tag="856" ind1="7" ind2=" ">
    <subfield code="2">MediaArchive</subfield>
    <subfield code="u">http://mediaarchive.cern.ch/MediaArchive/Video/Public/Conferences/1976/CERN-VIDEO-C-1-B/CERN-VIDEO-C-1-B-thumbnail-180x135-at-40-percent.jpg</subfield>
    <subfield code="x">jpgthumbnail</subfield>
    <subfield code="y">thumbnail 180x135 at 40 percent</subfield>
  </datafield>
  <datafield tag="856" ind1="7" ind2=" ">
    <subfield code="2">MediaArchive</subfield>
    <subfield code="u">http://mediaarchive.cern.ch/MediaArchive/Video/Public/Conferences/1976/CERN-VIDEO-C-1-B/CERN-VIDEO-C-1-B-thumbnail-180x135-at-50-percent.jpg</subfield>
    <subfield code="x">jpgthumbnail</subfield>
    <subfield code="y">thumbnail 180x135 at 50 percent</subfield>
  </datafield>
  <datafield tag="856" ind1="7" ind2=" ">
    <subfield code="2">MediaArchive</subfield>
    <subfield code="u">http://mediaarchive.cern.ch/MediaArchive/Video/Public/Conferences/1976/CERN-VIDEO-C-1-B/CERN-VIDEO-C-1-B-thumbnail-180x135-at-60-percent.jpg</subfield>
    <subfield code="x">jpgthumbnail</subfield>
    <subfield code="y">thumbnail 180x135 at 60 percent</subfield>
  </datafield>
  <datafield tag="856" ind1="7" ind2=" ">
    <subfield code="2">MediaArchive</subfield>
    <subfield code="u">http://mediaarchive.cern.ch/MediaArchive/Video/Public/Conferences/1976/CERN-VIDEO-C-1-B/CERN-VIDEO-C-1-B-thumbnail-180x135-at-70-percent.jpg</subfield>
    <subfield code="x">jpgthumbnail</subfield>
    <subfield code="y">thumbnail 180x135 at 70 percent</subfield>
  </datafield>
  <datafield tag="856" ind1="7" ind2=" ">
    <subfield code="2">MediaArchive</subfield>
    <subfield code="u">http://mediaarchive.cern.ch/MediaArchive/Video/Public/Conferences/1976/CERN-VIDEO-C-1-B/CERN-VIDEO-C-1-B-thumbnail-180x135-at-80-percent.jpg</subfield>
    <subfield code="x">jpgthumbnail</subfield>
    <subfield code="y">thumbnail 180x135 at 80 percent</subfield>
  </datafield>
  <datafield tag="856" ind1="7" ind2=" ">
    <subfield code="2">MediaArchive</subfield>
    <subfield code="u">http://mediaarchive.cern.ch/MediaArchive/Video/Public/Conferences/1976/CERN-VIDEO-C-1-B/CERN-VIDEO-C-1-B-thumbnail-180x135-at-90-percent.jpg</subfield>
    <subfield code="x">jpgthumbnail</subfield>
    <subfield code="y">thumbnail 180x135 at 90 percent</subfield>
  </datafield>
  <datafield tag="856" ind1="7" ind2=" ">
    <subfield code="2">MediaArchive</subfield>
    <subfield code="u">http://mediaarchive.cern.ch/MediaArchive/Video/Public/Conferences/1976/CERN-VIDEO-C-1-B/CERN-VIDEO-C-1-B-thumbnail-80x60-at-10-percent.jpg</subfield>
    <subfield code="x">jpgthumbnail</subfield>
    <subfield code="y">thumbnail 80x60 at 10 percent</subfield>
  </datafield>
  <datafield tag="856" ind1="7" ind2=" ">
    <subfield code="2">MediaArchive</subfield>
    <subfield code="u">http://mediaarchive.cern.ch/MediaArchive/Video/Public/Conferences/1976/CERN-VIDEO-C-1-B/CERN-VIDEO-C-1-B-thumbnail-80x60-at-20-percent.jpg</subfield>
    <subfield code="x">jpgthumbnail</subfield>
    <subfield code="y">thumbnail 80x60 at 20 percent</subfield>
  </datafield>
  <datafield tag="856" ind1="7" ind2=" ">
    <subfield code="2">MediaArchive</subfield>
    <subfield code="u">http://mediaarchive.cern.ch/MediaArchive/Video/Public/Conferences/1976/CERN-VIDEO-C-1-B/CERN-VIDEO-C-1-B-thumbnail-80x60-at-30-percent.jpg</subfield>
    <subfield code="x">jpgthumbnail</subfield>
    <subfield code="y">thumbnail 80x60 at 30 percent</subfield>
  </datafield>
  <datafield tag="856" ind1="7" ind2=" ">
    <subfield code="2">MediaArchive</subfield>
    <subfield code="u">http://mediaarchive.cern.ch/MediaArchive/Video/Public/Conferences/1976/CERN-VIDEO-C-1-B/CERN-VIDEO-C-1-B-thumbnail-80x60-at-40-percent.jpg</subfield>
    <subfield code="x">jpgthumbnail</subfield>
    <subfield code="y">thumbnail 80x60 at 40 percent</subfield>
  </datafield>
  <datafield tag="856" ind1="7" ind2=" ">
    <subfield code="2">MediaArchive</subfield>
    <subfield code="u">http://mediaarchive.cern.ch/MediaArchive/Video/Public/Conferences/1976/CERN-VIDEO-C-1-B/CERN-VIDEO-C-1-B-thumbnail-80x60-at-50-percent.jpg</subfield>
    <subfield code="x">jpgthumbnail</subfield>
    <subfield code="y">thumbnail 80x60 at 50 percent</subfield>
  </datafield>
  <datafield tag="856" ind1="7" ind2=" ">
    <subfield code="2">MediaArchive</subfield>
    <subfield code="u">http://mediaarchive.cern.ch/MediaArchive/Video/Public/Conferences/1976/CERN-VIDEO-C-1-B/CERN-VIDEO-C-1-B-thumbnail-80x60-at-60-percent.jpg</subfield>
    <subfield code="x">jpgthumbnail</subfield>
    <subfield code="y">thumbnail 80x60 at 60 percent</subfield>
  </datafield>
  <datafield tag="856" ind1="7" ind2=" ">
    <subfield code="2">MediaArchive</subfield>
    <subfield code="u">http://mediaarchive.cern.ch/MediaArchive/Video/Public/Conferences/1976/CERN-VIDEO-C-1-B/CERN-VIDEO-C-1-B-thumbnail-80x60-at-70-percent.jpg</subfield>
    <subfield code="x">jpgthumbnail</subfield>
    <subfield code="y">thumbnail 80x60 at 70 percent</subfield>
  </datafield>
  <datafield tag="856" ind1="7" ind2=" ">
    <subfield code="2">MediaArchive</subfield>
    <subfield code="u">http://mediaarchive.cern.ch/MediaArchive/Video/Public/Conferences/1976/CERN-VIDEO-C-1-B/CERN-VIDEO-C-1-B-thumbnail-80x60-at-80-percent.jpg</subfield>
    <subfield code="x">jpgthumbnail</subfield>
    <subfield code="y">thumbnail 80x60 at 80 percent</subfield>
  </datafield>
  <datafield tag="856" ind1="7" ind2=" ">
    <subfield code="2">MediaArchive</subfield>
    <subfield code="u">http://mediaarchive.cern.ch/MediaArchive/Video/Public/Conferences/1976/CERN-VIDEO-C-1-B/CERN-VIDEO-C-1-B-thumbnail-80x60-at-90-percent.jpg</subfield>
    <subfield code="x">jpgthumbnail</subfield>
    <subfield code="y">thumbnail 80x60 at 90 percent</subfield>
  </datafield>
  <datafield tag="856" ind1="7" ind2=" ">
    <subfield code="2">MediaArchive</subfield>
    <subfield code="d">\\\\cern.ch\\dfs\\Services\\MediaArchive\\Video\\Masters\\Conferences\\1976\\CERN-VIDEO-C-1-A.avi</subfield>
    <subfield code="x">Absolute master path</subfield>
  </datafield>
  <datafield tag="856" ind1="7" ind2=" ">
    <subfield code="2">MediaArchive</subfield>
    <subfield code="u">http://mediaarchive.cern.ch/MediaArchive/Video/Public/Conferences/1976/CERN-VIDEO-C-1-A/CERN-VIDEO-C-1-A-0480-kbps-384x288-25-fps-audio-128-kbps-48-kHz-stereo.wmv</subfield>
    <subfield code="x">wmv0480</subfield>
    <subfield code="y">0480 kbps 384x288 25 fps audio 128 kbps 48 kHz stereo</subfield>
  </datafield>
  <datafield tag="856" ind1="7" ind2=" ">
    <subfield code="2">MediaArchive</subfield>
    <subfield code="u">http://mediaarchive.cern.ch/MediaArchive/Video/Public/Conferences/1976/CERN-VIDEO-C-1-A/CERN-VIDEO-C-1-A-0600-kbps-maxH-360-25-fps-audio-128-kbps-48-kHz-stereo.mp4</subfield>
    <subfield code="x">mp40600</subfield>
    <subfield code="y">0600 kbps maxH 360 25 fps audio 128 kbps 48 kHz stereo</subfield>
  </datafield>
  <datafield tag="856" ind1="7" ind2=" ">
    <subfield code="2">MediaArchive</subfield>
    <subfield code="u">http://mediaarchive.cern.ch/MediaArchive/Video/Public/Conferences/1976/CERN-VIDEO-C-1-A/CERN-VIDEO-C-1-A-0753-kbps-480x360-25-fps-audio-64-kbps-44-kHz-stereo.flv</subfield>
    <subfield code="x">flv0753</subfield>
    <subfield code="y">0753 kbps 480x360 25 fps audio 64 kbps 44 kHz stereo</subfield>
  </datafield>
  <datafield tag="856" ind1="7" ind2=" ">
    <subfield code="2">MediaArchive</subfield>
    <subfield code="u">http://mediaarchive.cern.ch/MediaArchive/Video/Public/Conferences/1976/CERN-VIDEO-C-1-A/CERN-VIDEO-C-1-A-posterframe-480x360-at-0-percent.jpg</subfield>
    <subfield code="x">jpgposterframe</subfield>
    <subfield code="y">posterframe 480x360 at 0 percent</subfield>
  </datafield>
  <datafield tag="856" ind1="7" ind2=" ">
    <subfield code="2">MediaArchive</subfield>
    <subfield code="u">http://mediaarchive.cern.ch/MediaArchive/Video/Public/Conferences/1976/CERN-VIDEO-C-1-A/CERN-VIDEO-C-1-A-posterframe-480x360-at-10-percent.jpg</subfield>
    <subfield code="x">jpgposterframe</subfield>
    <subfield code="y">posterframe 480x360 at 10 percent</subfield>
  </datafield>
  <datafield tag="856" ind1="7" ind2=" ">
    <subfield code="2">MediaArchive</subfield>
    <subfield code="u">http://mediaarchive.cern.ch/MediaArchive/Video/Public/Conferences/1976/CERN-VIDEO-C-1-A/CERN-VIDEO-C-1-A-posterframe-480x360-at-20-percent.jpg</subfield>
    <subfield code="x">jpgposterframe</subfield>
    <subfield code="y">posterframe 480x360 at 20 percent</subfield>
  </datafield>
  <datafield tag="856" ind1="7" ind2=" ">
    <subfield code="2">MediaArchive</subfield>
    <subfield code="u">http://mediaarchive.cern.ch/MediaArchive/Video/Public/Conferences/1976/CERN-VIDEO-C-1-A/CERN-VIDEO-C-1-A-posterframe-480x360-at-30-percent.jpg</subfield>
    <subfield code="x">jpgposterframe</subfield>
    <subfield code="y">posterframe 480x360 at 30 percent</subfield>
  </datafield>
  <datafield tag="856" ind1="7" ind2=" ">
    <subfield code="2">MediaArchive</subfield>
    <subfield code="u">http://mediaarchive.cern.ch/MediaArchive/Video/Public/Conferences/1976/CERN-VIDEO-C-1-A/CERN-VIDEO-C-1-A-posterframe-480x360-at-40-percent.jpg</subfield>
    <subfield code="x">jpgposterframe</subfield>
    <subfield code="y">posterframe 480x360 at 40 percent</subfield>
  </datafield>
  <datafield tag="856" ind1="7" ind2=" ">
    <subfield code="2">MediaArchive</subfield>
    <subfield code="u">http://mediaarchive.cern.ch/MediaArchive/Video/Public/Conferences/1976/CERN-VIDEO-C-1-A/CERN-VIDEO-C-1-A-posterframe-480x360-at-50-percent.jpg</subfield>
    <subfield code="x">jpgposterframe</subfield>
    <subfield code="y">posterframe 480x360 at 50 percent</subfield>
  </datafield>
  <datafield tag="856" ind1="7" ind2=" ">
    <subfield code="2">MediaArchive</subfield>
    <subfield code="u">http://mediaarchive.cern.ch/MediaArchive/Video/Public/Conferences/1976/CERN-VIDEO-C-1-A/CERN-VIDEO-C-1-A-posterframe-480x360-at-60-percent.jpg</subfield>
    <subfield code="x">jpgposterframe</subfield>
    <subfield code="y">posterframe 480x360 at 60 percent</subfield>
  </datafield>
  <datafield tag="856" ind1="7" ind2=" ">
    <subfield code="2">MediaArchive</subfield>
    <subfield code="u">http://mediaarchive.cern.ch/MediaArchive/Video/Public/Conferences/1976/CERN-VIDEO-C-1-A/CERN-VIDEO-C-1-A-posterframe-480x360-at-70-percent.jpg</subfield>
    <subfield code="x">jpgposterframe</subfield>
    <subfield code="y">posterframe 480x360 at 70 percent</subfield>
  </datafield>
  <datafield tag="856" ind1="7" ind2=" ">
    <subfield code="2">MediaArchive</subfield>
    <subfield code="u">http://mediaarchive.cern.ch/MediaArchive/Video/Public/Conferences/1976/CERN-VIDEO-C-1-A/CERN-VIDEO-C-1-A-posterframe-480x360-at-80-percent.jpg</subfield>
    <subfield code="x">jpgposterframe</subfield>
    <subfield code="y">posterframe 480x360 at 80 percent</subfield>
  </datafield>
  <datafield tag="856" ind1="7" ind2=" ">
    <subfield code="2">MediaArchive</subfield>
    <subfield code="u">http://mediaarchive.cern.ch/MediaArchive/Video/Public/Conferences/1976/CERN-VIDEO-C-1-A/CERN-VIDEO-C-1-A-posterframe-480x360-at-90-percent.jpg</subfield>
    <subfield code="x">jpgposterframe</subfield>
    <subfield code="y">posterframe 480x360 at 90 percent</subfield>
  </datafield>
  <datafield tag="856" ind1="7" ind2=" ">
    <subfield code="2">MediaArchive</subfield>
    <subfield code="u">http://mediaarchive.cern.ch/MediaArchive/Video/Public/Conferences/1976/CERN-VIDEO-C-1-A/CERN-VIDEO-C-1-A-thumbnail-180x135-at-05-percent.jpg</subfield>
    <subfield code="x">jpgthumbnail</subfield>
    <subfield code="y">thumbnail 180x135 at 05 percent</subfield>
  </datafield>
  <datafield tag="856" ind1="7" ind2=" ">
    <subfield code="2">MediaArchive</subfield>
    <subfield code="u">http://mediaarchive.cern.ch/MediaArchive/Video/Public/Conferences/1976/CERN-VIDEO-C-1-A/CERN-VIDEO-C-1-A-thumbnail-80x60-at-10-percent.jpg</subfield>
    <subfield code="x">jpgthumbnail</subfield>
    <subfield code="y">thumbnail 80x60 at 10 percent</subfield>
  </datafield>
  <datafield tag="856" ind1="7" ind2=" ">
    <subfield code="2">MediaArchive</subfield>
    <subfield code="u">http://mediaarchive.cern.ch/MediaArchive/Video/Public/Conferences/1976/CERN-VIDEO-C-1-A/CERN-VIDEO-C-1-A-thumbnail-80x60-at-20-percent.jpg</subfield>
    <subfield code="x">jpgthumbnail</subfield>
    <subfield code="y">thumbnail 80x60 at 20 percent</subfield>
  </datafield>
  <datafield tag="856" ind1="7" ind2=" ">
    <subfield code="2">MediaArchive</subfield>
    <subfield code="u">http://mediaarchive.cern.ch/MediaArchive/Video/Public/Conferences/1976/CERN-VIDEO-C-1-A/CERN-VIDEO-C-1-A-thumbnail-80x60-at-30-percent.jpg</subfield>
    <subfield code="x">jpgthumbnail</subfield>
    <subfield code="y">thumbnail 80x60 at 30 percent</subfield>
  </datafield>
  <datafield tag="856" ind1="7" ind2=" ">
    <subfield code="2">MediaArchive</subfield>
    <subfield code="u">http://mediaarchive.cern.ch/MediaArchive/Video/Public/Conferences/1976/CERN-VIDEO-C-1-A/CERN-VIDEO-C-1-A-thumbnail-80x60-at-40-percent.jpg</subfield>
    <subfield code="x">jpgthumbnail</subfield>
    <subfield code="y">thumbnail 80x60 at 40 percent</subfield>
  </datafield>
  <datafield tag="856" ind1="7" ind2=" ">
    <subfield code="2">MediaArchive</subfield>
    <subfield code="u">http://mediaarchive.cern.ch/MediaArchive/Video/Public/Conferences/1976/CERN-VIDEO-C-1-A/CERN-VIDEO-C-1-A-thumbnail-80x60-at-50-percent.jpg</subfield>
    <subfield code="x">jpgthumbnail</subfield>
    <subfield code="y">thumbnail 80x60 at 50 percent</subfield>
  </datafield>
  <datafield tag="856" ind1="7" ind2=" ">
    <subfield code="2">MediaArchive</subfield>
    <subfield code="u">http://mediaarchive.cern.ch/MediaArchive/Video/Public/Conferences/1976/CERN-VIDEO-C-1-A/CERN-VIDEO-C-1-A-thumbnail-80x60-at-60-percent.jpg</subfield>
    <subfield code="x">jpgthumbnail</subfield>
    <subfield code="y">thumbnail 80x60 at 60 percent</subfield>
  </datafield>
  <datafield tag="856" ind1="7" ind2=" ">
    <subfield code="2">MediaArchive</subfield>
    <subfield code="u">http://mediaarchive.cern.ch/MediaArchive/Video/Public/Conferences/1976/CERN-VIDEO-C-1-A/CERN-VIDEO-C-1-A-thumbnail-80x60-at-70-percent.jpg</subfield>
    <subfield code="x">jpgthumbnail</subfield>
    <subfield code="y">thumbnail 80x60 at 70 percent</subfield>
  </datafield>
  <datafield tag="856" ind1="7" ind2=" ">
    <subfield code="2">MediaArchive</subfield>
    <subfield code="u">http://mediaarchive.cern.ch/MediaArchive/Video/Public/Conferences/1976/CERN-VIDEO-C-1-A/CERN-VIDEO-C-1-A-thumbnail-80x60-at-80-percent.jpg</subfield>
    <subfield code="x">jpgthumbnail</subfield>
    <subfield code="y">thumbnail 80x60 at 80 percent</subfield>
  </datafield>
  <datafield tag="856" ind1="7" ind2=" ">
    <subfield code="2">MediaArchive</subfield>
    <subfield code="u">http://mediaarchive.cern.ch/MediaArchive/Video/Public/Conferences/1976/CERN-VIDEO-C-1-A/CERN-VIDEO-C-1-A-thumbnail-80x60-at-90-percent.jpg</subfield>
    <subfield code="x">jpgthumbnail</subfield>
    <subfield code="y">thumbnail 80x60 at 90 percent</subfield>
  </datafield>
  <datafield tag="856" ind1="4" ind2=" ">
    <subfield code="2">EOS</subfield>
    <subfield code="q">MP4</subfield>
    <subfield code="u">https://cern.ch/digital-memory/media-archive/video/open/mp4/422552-a.mp4</subfield>
    <subfield code="s">288820606</subfield>
    <subfield code="y">Video-422552-a</subfield>
    <subfield code="z">mp4 video format (640x360)</subfield>
    <subfield code="w">(PICTURAE:MD5)ac_C1V1_422552-a.mp4;fd61eee7c291e2726faca015fd48092b</subfield>
    <subfield code="8">a</subfield>
  </datafield>
  <datafield tag="856" ind1="7" ind2=" ">
    <subfield code="2">EOS</subfield>
    <subfield code="q">MKV</subfield>
    <subfield code="d">/eos/media/cds/public/www/digital-memory/media-archive/video/open/mkv/422552-a.mkv</subfield>
    <subfield code="s">12637707733</subfield>
    <subfield code="w">(PICTURAE:MD5)pm_C1V1_422552-a.mkv;32ba76e6a4ec36f154d5b25229a22e26</subfield>
    <subfield code="8">a</subfield>
  </datafield>
  <datafield tag="856" ind1="7" ind2=" ">
    <subfield code="2">EOS</subfield>
    <subfield code="q">MOV</subfield>
    <subfield code="d">/eos/media/cds/public/www/digital-memory/media-archive/video/open/mov/422552-a.mov</subfield>
    <subfield code="s">5954055457</subfield>
    <subfield code="w">(PICTURAE:MD5)am_C1V1_422552-a.mov;2b3c2692a8eb7a1e3abe3b3be0c954e1</subfield>
    <subfield code="8">a</subfield>
  </datafield>
  <datafield tag="856" ind1="4" ind2=" ">
    <subfield code="2">EOS</subfield>
    <subfield code="q">MP4</subfield>
    <subfield code="u">https://cern.ch/digital-memory/media-archive/video/open/mp4/422552-b.mp4</subfield>
    <subfield code="s">591296951</subfield>
    <subfield code="y">Video-422552-b</subfield>
    <subfield code="z">mp4 video format (640x360)</subfield>
    <subfield code="w">(PICTURAE:MD5)ac_C1V1_422552-b.mp4;4cf2a24e8951f4993d101673a2a7169b</subfield>
    <subfield code="8">b</subfield>
  </datafield>
  <datafield tag="856" ind1="7" ind2=" ">
    <subfield code="2">EOS</subfield>
    <subfield code="q">MKV</subfield>
    <subfield code="d">/eos/media/cds/public/www/digital-memory/media-archive/video/open/mkv/422552-b.mkv</subfield>
    <subfield code="s">29847871427</subfield>
    <subfield code="w">(PICTURAE:MD5)pm_C1V1_422552-b.mkv;6b645dea8ba8c6dd6477258f674a541e</subfield>
    <subfield code="8">b</subfield>
  </datafield>
  <datafield tag="856" ind1="7" ind2=" ">
    <subfield code="2">EOS</subfield>
    <subfield code="q">MOV</subfield>
    <subfield code="d">/eos/media/cds/public/www/digital-memory/media-archive/video/open/mov/422552-b.mov</subfield>
    <subfield code="s">13537317972</subfield>
    <subfield code="w">(PICTURAE:MD5)am_C1V1_422552-b.mov;c605f45d6b0440f6e57829d0b17be050</subfield>
    <subfield code="8">b</subfield>
  </datafield>
  <datafield tag="916" ind1=" " ind2=" ">
    <subfield code="s">n</subfield>
    <subfield code="w">200209</subfield>
  </datafield>
  <datafield tag="961" ind1=" " ind2=" ">
    <subfield code="c">20080214</subfield>
    <subfield code="h">1113</subfield>
    <subfield code="l">CER01</subfield>
    <subfield code="x">20000120</subfield>
  </datafield>
  <datafield tag="962" ind1=" " ind2=" ">
    <subfield code="b">539139</subfield>
    <subfield code="n">cern900101h</subfield>
  </datafield>
  <datafield tag="963" ind1=" " ind2=" ">
    <subfield code="a">PUBLIC</subfield>
  </datafield>
  <datafield tag="963" ind1=" " ind2=" ">
    <subfield code="9">review</subfield>
    <subfield code="a">PUBLIC</subfield>
  </datafield>
  <datafield tag="970" ind1=" " ind2=" ">
    <subfield code="a">002170372CER</subfield>
  </datafield>
  <datafield tag="980" ind1=" " ind2=" ">
    <subfield code="a">VIDEOARC</subfield>
  </datafield>
  <datafield tag="980" ind1=" " ind2=" ">
    <subfield code="a">Indico</subfield>
    <subfield code="b">SSW</subfield>
  </datafield>
</record>
</collection>